%YAML 1.1
%TAG !u! tag:unity3d.com,2011:
--- !u!1 &100076
GameObject:
  m_ObjectHideFlags: 1
  m_PrefabParentObject: {fileID: 0}
  m_PrefabInternal: {fileID: 100100000}
  serializedVersion: 4
  m_Component:
  - 4: {fileID: 400292}
  m_Layer: 0
  m_Name: Bone_005
  m_TagString: Untagged
  m_Icon: {fileID: 0}
  m_NavMeshLayer: 0
  m_StaticEditorFlags: 0
  m_IsActive: 1
--- !u!1 &100782
GameObject:
  m_ObjectHideFlags: 1
  m_PrefabParentObject: {fileID: 0}
  m_PrefabInternal: {fileID: 100100000}
  serializedVersion: 4
  m_Component:
  - 4: {fileID: 482416}
  m_Layer: 0
  m_Name: Bone_013
  m_TagString: Untagged
  m_Icon: {fileID: 0}
  m_NavMeshLayer: 0
  m_StaticEditorFlags: 0
  m_IsActive: 1
--- !u!1 &101318
GameObject:
  m_ObjectHideFlags: 0
  m_PrefabParentObject: {fileID: 0}
  m_PrefabInternal: {fileID: 100100000}
  serializedVersion: 4
  m_Component:
  - 4: {fileID: 457124}
  - 33: {fileID: 3396406}
  - 23: {fileID: 2332000}
  m_Layer: 0
  m_Name: Rock6x5_ (3)
  m_TagString: Untagged
  m_Icon: {fileID: 0}
  m_NavMeshLayer: 0
  m_StaticEditorFlags: 0
  m_IsActive: 1
--- !u!1 &102060
GameObject:
  m_ObjectHideFlags: 1
  m_PrefabParentObject: {fileID: 0}
  m_PrefabInternal: {fileID: 100100000}
  serializedVersion: 4
  m_Component:
  - 4: {fileID: 478234}
  m_Layer: 0
  m_Name: Bone_009
  m_TagString: Untagged
  m_Icon: {fileID: 0}
  m_NavMeshLayer: 0
  m_StaticEditorFlags: 0
  m_IsActive: 1
--- !u!1 &102380
GameObject:
  m_ObjectHideFlags: 0
  m_PrefabParentObject: {fileID: 0}
  m_PrefabInternal: {fileID: 100100000}
  serializedVersion: 4
  m_Component:
  - 4: {fileID: 454422}
  - 33: {fileID: 3366134}
  - 23: {fileID: 2399826}
  m_Layer: 0
  m_Name: Rock6x5_ (5)
  m_TagString: Untagged
  m_Icon: {fileID: 0}
  m_NavMeshLayer: 0
  m_StaticEditorFlags: 0
  m_IsActive: 1
--- !u!1 &103378
GameObject:
  m_ObjectHideFlags: 1
  m_PrefabParentObject: {fileID: 0}
  m_PrefabInternal: {fileID: 100100000}
  serializedVersion: 4
  m_Component:
  - 4: {fileID: 485756}
  m_Layer: 0
  m_Name: Bone_007
  m_TagString: Untagged
  m_Icon: {fileID: 0}
  m_NavMeshLayer: 0
  m_StaticEditorFlags: 0
  m_IsActive: 1
--- !u!1 &106316
GameObject:
  m_ObjectHideFlags: 1
  m_PrefabParentObject: {fileID: 0}
  m_PrefabInternal: {fileID: 100100000}
  serializedVersion: 4
  m_Component:
  - 4: {fileID: 493030}
  m_Layer: 0
  m_Name: Bone_004
  m_TagString: Untagged
  m_Icon: {fileID: 0}
  m_NavMeshLayer: 0
  m_StaticEditorFlags: 0
  m_IsActive: 1
--- !u!1 &107576
GameObject:
  m_ObjectHideFlags: 1
  m_PrefabParentObject: {fileID: 0}
  m_PrefabInternal: {fileID: 100100000}
  serializedVersion: 4
  m_Component:
  - 4: {fileID: 498216}
  m_Layer: 0
  m_Name: Bone_010
  m_TagString: Untagged
  m_Icon: {fileID: 0}
  m_NavMeshLayer: 0
  m_StaticEditorFlags: 0
  m_IsActive: 1
--- !u!1 &110326
GameObject:
  m_ObjectHideFlags: 0
  m_PrefabParentObject: {fileID: 0}
  m_PrefabInternal: {fileID: 100100000}
  serializedVersion: 4
  m_Component:
  - 4: {fileID: 412246}
  - 33: {fileID: 3346428}
  - 23: {fileID: 2317368}
  m_Layer: 0
  m_Name: Rock7x4_ (1)
  m_TagString: Untagged
  m_Icon: {fileID: 0}
  m_NavMeshLayer: 0
  m_StaticEditorFlags: 0
  m_IsActive: 1
--- !u!1 &110942
GameObject:
  m_ObjectHideFlags: 1
  m_PrefabParentObject: {fileID: 0}
  m_PrefabInternal: {fileID: 100100000}
  serializedVersion: 4
  m_Component:
  - 4: {fileID: 450212}
  m_Layer: 0
  m_Name: Bone_008
  m_TagString: Untagged
  m_Icon: {fileID: 0}
  m_NavMeshLayer: 0
  m_StaticEditorFlags: 0
  m_IsActive: 1
--- !u!1 &111538
GameObject:
  m_ObjectHideFlags: 1
  m_PrefabParentObject: {fileID: 0}
  m_PrefabInternal: {fileID: 100100000}
  serializedVersion: 4
  m_Component:
  - 4: {fileID: 473756}
  m_Layer: 0
  m_Name: Armature
  m_TagString: Untagged
  m_Icon: {fileID: 0}
  m_NavMeshLayer: 0
  m_StaticEditorFlags: 0
  m_IsActive: 1
--- !u!1 &111650
GameObject:
  m_ObjectHideFlags: 0
  m_PrefabParentObject: {fileID: 0}
  m_PrefabInternal: {fileID: 100100000}
  serializedVersion: 4
  m_Component:
  - 4: {fileID: 419486}
  - 95: {fileID: 9519346}
  m_Layer: 0
  m_Name: LenguaDeSuegra0
  m_TagString: Untagged
  m_Icon: {fileID: 0}
  m_NavMeshLayer: 0
  m_StaticEditorFlags: 0
  m_IsActive: 1
--- !u!1 &113278
GameObject:
  m_ObjectHideFlags: 0
  m_PrefabParentObject: {fileID: 0}
  m_PrefabInternal: {fileID: 100100000}
  serializedVersion: 4
  m_Component:
  - 4: {fileID: 471634}
  - 95: {fileID: 9510076}
  m_Layer: 0
  m_Name: PalmTree 1
  m_TagString: Untagged
  m_Icon: {fileID: 0}
  m_NavMeshLayer: 0
  m_StaticEditorFlags: 0
  m_IsActive: 1
--- !u!1 &113710
GameObject:
  m_ObjectHideFlags: 1
  m_PrefabParentObject: {fileID: 0}
  m_PrefabInternal: {fileID: 100100000}
  serializedVersion: 4
  m_Component:
  - 4: {fileID: 445982}
  - 137: {fileID: 13751944}
  m_Layer: 0
  m_Name: PalmTree
  m_TagString: Untagged
  m_Icon: {fileID: 0}
  m_NavMeshLayer: 0
  m_StaticEditorFlags: 0
  m_IsActive: 1
--- !u!1 &113938
GameObject:
  m_ObjectHideFlags: 1
  m_PrefabParentObject: {fileID: 0}
  m_PrefabInternal: {fileID: 100100000}
  serializedVersion: 4
  m_Component:
  - 4: {fileID: 410624}
  m_Layer: 0
  m_Name: Bone_012
  m_TagString: Untagged
  m_Icon: {fileID: 0}
  m_NavMeshLayer: 0
  m_StaticEditorFlags: 0
  m_IsActive: 1
--- !u!1 &114056
GameObject:
  m_ObjectHideFlags: 1
  m_PrefabParentObject: {fileID: 0}
  m_PrefabInternal: {fileID: 100100000}
  serializedVersion: 4
  m_Component:
  - 4: {fileID: 411592}
  m_Layer: 0
  m_Name: Bone
  m_TagString: Untagged
  m_Icon: {fileID: 0}
  m_NavMeshLayer: 0
  m_StaticEditorFlags: 0
  m_IsActive: 1
--- !u!1 &114688
GameObject:
  m_ObjectHideFlags: 1
  m_PrefabParentObject: {fileID: 0}
  m_PrefabInternal: {fileID: 100100000}
  serializedVersion: 4
  m_Component:
  - 4: {fileID: 412782}
  m_Layer: 0
  m_Name: Bone_006
  m_TagString: Untagged
  m_Icon: {fileID: 0}
  m_NavMeshLayer: 0
  m_StaticEditorFlags: 0
  m_IsActive: 1
--- !u!1 &117172
GameObject:
  m_ObjectHideFlags: 1
  m_PrefabParentObject: {fileID: 0}
  m_PrefabInternal: {fileID: 100100000}
  serializedVersion: 4
  m_Component:
  - 4: {fileID: 456378}
  m_Layer: 0
  m_Name: Bone_013
  m_TagString: Untagged
  m_Icon: {fileID: 0}
  m_NavMeshLayer: 0
  m_StaticEditorFlags: 0
  m_IsActive: 1
--- !u!1 &117540
GameObject:
  m_ObjectHideFlags: 1
  m_PrefabParentObject: {fileID: 0}
  m_PrefabInternal: {fileID: 100100000}
  serializedVersion: 4
  m_Component:
  - 4: {fileID: 422496}
  m_Layer: 0
  m_Name: Bone_002
  m_TagString: Untagged
  m_Icon: {fileID: 0}
  m_NavMeshLayer: 0
  m_StaticEditorFlags: 0
  m_IsActive: 1
--- !u!1 &119430
GameObject:
  m_ObjectHideFlags: 1
  m_PrefabParentObject: {fileID: 0}
  m_PrefabInternal: {fileID: 100100000}
  serializedVersion: 4
  m_Component:
  - 4: {fileID: 429960}
  m_Layer: 0
  m_Name: Bone_003
  m_TagString: Untagged
  m_Icon: {fileID: 0}
  m_NavMeshLayer: 0
  m_StaticEditorFlags: 0
  m_IsActive: 1
--- !u!1 &121618
GameObject:
  m_ObjectHideFlags: 1
  m_PrefabParentObject: {fileID: 0}
  m_PrefabInternal: {fileID: 100100000}
  serializedVersion: 4
  m_Component:
  - 4: {fileID: 473508}
  m_Layer: 0
  m_Name: Armature
  m_TagString: Untagged
  m_Icon: {fileID: 0}
  m_NavMeshLayer: 0
  m_StaticEditorFlags: 0
  m_IsActive: 1
--- !u!1 &122034
GameObject:
  m_ObjectHideFlags: 1
  m_PrefabParentObject: {fileID: 0}
  m_PrefabInternal: {fileID: 100100000}
  serializedVersion: 4
  m_Component:
  - 4: {fileID: 400930}
  m_Layer: 0
  m_Name: Armature
  m_TagString: Untagged
  m_Icon: {fileID: 0}
  m_NavMeshLayer: 0
  m_StaticEditorFlags: 0
  m_IsActive: 1
--- !u!1 &122172
GameObject:
  m_ObjectHideFlags: 1
  m_PrefabParentObject: {fileID: 0}
  m_PrefabInternal: {fileID: 100100000}
  serializedVersion: 4
  m_Component:
  - 4: {fileID: 460884}
  m_Layer: 0
  m_Name: Bone
  m_TagString: Untagged
  m_Icon: {fileID: 0}
  m_NavMeshLayer: 0
  m_StaticEditorFlags: 0
  m_IsActive: 1
--- !u!1 &122464
GameObject:
  m_ObjectHideFlags: 1
  m_PrefabParentObject: {fileID: 0}
  m_PrefabInternal: {fileID: 100100000}
  serializedVersion: 4
  m_Component:
  - 4: {fileID: 412862}
  - 137: {fileID: 13701718}
  m_Layer: 0
  m_Name: LenguaDeSuegra
  m_TagString: Untagged
  m_Icon: {fileID: 0}
  m_NavMeshLayer: 0
  m_StaticEditorFlags: 0
  m_IsActive: 1
--- !u!1 &128282
GameObject:
  m_ObjectHideFlags: 0
  m_PrefabParentObject: {fileID: 0}
  m_PrefabInternal: {fileID: 100100000}
  serializedVersion: 4
  m_Component:
  - 4: {fileID: 468552}
  - 95: {fileID: 9519956}
  m_Layer: 0
  m_Name: PalmTree 2
  m_TagString: Untagged
  m_Icon: {fileID: 0}
  m_NavMeshLayer: 0
  m_StaticEditorFlags: 0
  m_IsActive: 1
--- !u!1 &128872
GameObject:
  m_ObjectHideFlags: 0
  m_PrefabParentObject: {fileID: 0}
  m_PrefabInternal: {fileID: 100100000}
  serializedVersion: 4
  m_Component:
  - 4: {fileID: 486742}
  - 33: {fileID: 3328016}
  - 23: {fileID: 2334250}
  m_Layer: 0
  m_Name: Rock7x4_
  m_TagString: Untagged
  m_Icon: {fileID: 0}
  m_NavMeshLayer: 0
  m_StaticEditorFlags: 0
  m_IsActive: 1
--- !u!1 &129838
GameObject:
  m_ObjectHideFlags: 1
  m_PrefabParentObject: {fileID: 0}
  m_PrefabInternal: {fileID: 100100000}
  serializedVersion: 4
  m_Component:
  - 4: {fileID: 436424}
  m_Layer: 0
  m_Name: Bone_004
  m_TagString: Untagged
  m_Icon: {fileID: 0}
  m_NavMeshLayer: 0
  m_StaticEditorFlags: 0
  m_IsActive: 1
--- !u!1 &131216
GameObject:
  m_ObjectHideFlags: 1
  m_PrefabParentObject: {fileID: 0}
  m_PrefabInternal: {fileID: 100100000}
  serializedVersion: 4
  m_Component:
  - 4: {fileID: 438536}
  m_Layer: 0
  m_Name: Bone_005
  m_TagString: Untagged
  m_Icon: {fileID: 0}
  m_NavMeshLayer: 0
  m_StaticEditorFlags: 0
  m_IsActive: 1
--- !u!1 &132034
GameObject:
  m_ObjectHideFlags: 0
  m_PrefabParentObject: {fileID: 0}
  m_PrefabInternal: {fileID: 100100000}
  serializedVersion: 4
  m_Component:
  - 4: {fileID: 432678}
  - 95: {fileID: 9529124}
  m_Layer: 0
  m_Name: PalmTree
  m_TagString: Untagged
  m_Icon: {fileID: 0}
  m_NavMeshLayer: 0
  m_StaticEditorFlags: 0
  m_IsActive: 1
--- !u!1 &132528
GameObject:
  m_ObjectHideFlags: 1
  m_PrefabParentObject: {fileID: 0}
  m_PrefabInternal: {fileID: 100100000}
  serializedVersion: 4
  m_Component:
  - 4: {fileID: 463904}
  m_Layer: 0
  m_Name: Armature
  m_TagString: Untagged
  m_Icon: {fileID: 0}
  m_NavMeshLayer: 0
  m_StaticEditorFlags: 0
  m_IsActive: 1
--- !u!1 &132754
GameObject:
  m_ObjectHideFlags: 1
  m_PrefabParentObject: {fileID: 0}
  m_PrefabInternal: {fileID: 100100000}
  serializedVersion: 4
  m_Component:
  - 4: {fileID: 494448}
  m_Layer: 0
  m_Name: Bone_002
  m_TagString: Untagged
  m_Icon: {fileID: 0}
  m_NavMeshLayer: 0
  m_StaticEditorFlags: 0
  m_IsActive: 1
--- !u!1 &133002
GameObject:
  m_ObjectHideFlags: 1
  m_PrefabParentObject: {fileID: 0}
  m_PrefabInternal: {fileID: 100100000}
  serializedVersion: 4
  m_Component:
  - 4: {fileID: 452444}
  - 137: {fileID: 13777066}
  m_Layer: 0
  m_Name: LenguaDeSuegra
  m_TagString: Untagged
  m_Icon: {fileID: 0}
  m_NavMeshLayer: 0
  m_StaticEditorFlags: 0
  m_IsActive: 1
--- !u!1 &135258
GameObject:
  m_ObjectHideFlags: 1
  m_PrefabParentObject: {fileID: 0}
  m_PrefabInternal: {fileID: 100100000}
  serializedVersion: 4
  m_Component:
  - 4: {fileID: 421892}
  m_Layer: 0
  m_Name: Bone_009
  m_TagString: Untagged
  m_Icon: {fileID: 0}
  m_NavMeshLayer: 0
  m_StaticEditorFlags: 0
  m_IsActive: 1
--- !u!1 &135394
GameObject:
  m_ObjectHideFlags: 1
  m_PrefabParentObject: {fileID: 0}
  m_PrefabInternal: {fileID: 100100000}
  serializedVersion: 4
  m_Component:
  - 4: {fileID: 405164}
  m_Layer: 0
  m_Name: Bone_001
  m_TagString: Untagged
  m_Icon: {fileID: 0}
  m_NavMeshLayer: 0
  m_StaticEditorFlags: 0
  m_IsActive: 1
--- !u!1 &138408
GameObject:
  m_ObjectHideFlags: 1
  m_PrefabParentObject: {fileID: 0}
  m_PrefabInternal: {fileID: 100100000}
  serializedVersion: 4
  m_Component:
  - 4: {fileID: 415812}
  m_Layer: 0
  m_Name: Bone_011
  m_TagString: Untagged
  m_Icon: {fileID: 0}
  m_NavMeshLayer: 0
  m_StaticEditorFlags: 0
  m_IsActive: 1
--- !u!1 &138428
GameObject:
  m_ObjectHideFlags: 1
  m_PrefabParentObject: {fileID: 0}
  m_PrefabInternal: {fileID: 100100000}
  serializedVersion: 4
  m_Component:
  - 4: {fileID: 459220}
  m_Layer: 0
  m_Name: Bone_010
  m_TagString: Untagged
  m_Icon: {fileID: 0}
  m_NavMeshLayer: 0
  m_StaticEditorFlags: 0
  m_IsActive: 1
--- !u!1 &139706
GameObject:
  m_ObjectHideFlags: 1
  m_PrefabParentObject: {fileID: 0}
  m_PrefabInternal: {fileID: 100100000}
  serializedVersion: 4
  m_Component:
  - 4: {fileID: 484474}
  m_Layer: 0
  m_Name: Bone_014
  m_TagString: Untagged
  m_Icon: {fileID: 0}
  m_NavMeshLayer: 0
  m_StaticEditorFlags: 0
  m_IsActive: 1
--- !u!1 &142910
GameObject:
  m_ObjectHideFlags: 1
  m_PrefabParentObject: {fileID: 0}
  m_PrefabInternal: {fileID: 100100000}
  serializedVersion: 4
  m_Component:
  - 4: {fileID: 443040}
  m_Layer: 0
  m_Name: Bone_001
  m_TagString: Untagged
  m_Icon: {fileID: 0}
  m_NavMeshLayer: 0
  m_StaticEditorFlags: 0
  m_IsActive: 1
--- !u!1 &147408
GameObject:
  m_ObjectHideFlags: 0
  m_PrefabParentObject: {fileID: 0}
  m_PrefabInternal: {fileID: 100100000}
  serializedVersion: 4
  m_Component:
  - 4: {fileID: 489510}
  - 95: {fileID: 9539526}
  m_Layer: 0
  m_Name: LenguaDeSuegra0
  m_TagString: Untagged
  m_Icon: {fileID: 0}
  m_NavMeshLayer: 0
  m_StaticEditorFlags: 0
  m_IsActive: 1
--- !u!1 &147996
GameObject:
  m_ObjectHideFlags: 1
  m_PrefabParentObject: {fileID: 0}
  m_PrefabInternal: {fileID: 100100000}
  serializedVersion: 4
  m_Component:
  - 4: {fileID: 407640}
  m_Layer: 0
  m_Name: Bone
  m_TagString: Untagged
  m_Icon: {fileID: 0}
  m_NavMeshLayer: 0
  m_StaticEditorFlags: 0
  m_IsActive: 1
--- !u!1 &149340
GameObject:
  m_ObjectHideFlags: 1
  m_PrefabParentObject: {fileID: 0}
  m_PrefabInternal: {fileID: 100100000}
  serializedVersion: 4
  m_Component:
  - 4: {fileID: 480688}
  m_Layer: 0
  m_Name: Bone_007
  m_TagString: Untagged
  m_Icon: {fileID: 0}
  m_NavMeshLayer: 0
  m_StaticEditorFlags: 0
  m_IsActive: 1
--- !u!1 &149866
GameObject:
  m_ObjectHideFlags: 1
  m_PrefabParentObject: {fileID: 0}
  m_PrefabInternal: {fileID: 100100000}
  serializedVersion: 4
  m_Component:
  - 4: {fileID: 450588}
  m_Layer: 0
  m_Name: Armature
  m_TagString: Untagged
  m_Icon: {fileID: 0}
  m_NavMeshLayer: 0
  m_StaticEditorFlags: 0
  m_IsActive: 1
--- !u!1 &149974
GameObject:
  m_ObjectHideFlags: 0
  m_PrefabParentObject: {fileID: 0}
  m_PrefabInternal: {fileID: 100100000}
  serializedVersion: 4
  m_Component:
  - 4: {fileID: 452968}
  - 33: {fileID: 3394450}
  - 23: {fileID: 2331458}
  - 64: {fileID: 6453856}
  m_Layer: 0
  m_Name: Rock1_Bitgem_ (5)
  m_TagString: Untagged
  m_Icon: {fileID: 0}
  m_NavMeshLayer: 0
  m_StaticEditorFlags: 4294967295
  m_IsActive: 1
--- !u!1 &150014
GameObject:
  m_ObjectHideFlags: 1
  m_PrefabParentObject: {fileID: 0}
  m_PrefabInternal: {fileID: 100100000}
  serializedVersion: 4
  m_Component:
  - 4: {fileID: 441592}
  m_Layer: 0
  m_Name: Bone_008
  m_TagString: Untagged
  m_Icon: {fileID: 0}
  m_NavMeshLayer: 0
  m_StaticEditorFlags: 0
  m_IsActive: 1
--- !u!1 &152644
GameObject:
  m_ObjectHideFlags: 1
  m_PrefabParentObject: {fileID: 0}
  m_PrefabInternal: {fileID: 100100000}
  serializedVersion: 4
  m_Component:
  - 4: {fileID: 444844}
  m_Layer: 0
  m_Name: Bone_001
  m_TagString: Untagged
  m_Icon: {fileID: 0}
  m_NavMeshLayer: 0
  m_StaticEditorFlags: 0
  m_IsActive: 1
--- !u!1 &160158
GameObject:
  m_ObjectHideFlags: 1
  m_PrefabParentObject: {fileID: 0}
  m_PrefabInternal: {fileID: 100100000}
  serializedVersion: 4
  m_Component:
  - 4: {fileID: 452154}
  m_Layer: 0
  m_Name: Bone_008
  m_TagString: Untagged
  m_Icon: {fileID: 0}
  m_NavMeshLayer: 0
  m_StaticEditorFlags: 0
  m_IsActive: 1
--- !u!1 &161068
GameObject:
  m_ObjectHideFlags: 1
  m_PrefabParentObject: {fileID: 0}
  m_PrefabInternal: {fileID: 100100000}
  serializedVersion: 4
  m_Component:
  - 4: {fileID: 424528}
  - 137: {fileID: 13722892}
  m_Layer: 0
  m_Name: LenguaDeSuegra
  m_TagString: Untagged
  m_Icon: {fileID: 0}
  m_NavMeshLayer: 0
  m_StaticEditorFlags: 0
  m_IsActive: 1
--- !u!1 &161134
GameObject:
  m_ObjectHideFlags: 0
  m_PrefabParentObject: {fileID: 0}
  m_PrefabInternal: {fileID: 100100000}
  serializedVersion: 4
  m_Component:
  - 4: {fileID: 425518}
  - 33: {fileID: 3379132}
  - 23: {fileID: 2337220}
  m_Layer: 0
  m_Name: Island1
  m_TagString: Untagged
  m_Icon: {fileID: 0}
  m_NavMeshLayer: 0
  m_StaticEditorFlags: 0
  m_IsActive: 1
--- !u!1 &161328
GameObject:
  m_ObjectHideFlags: 1
  m_PrefabParentObject: {fileID: 0}
  m_PrefabInternal: {fileID: 100100000}
  serializedVersion: 4
  m_Component:
  - 4: {fileID: 472900}
  m_Layer: 0
  m_Name: Bone_003
  m_TagString: Untagged
  m_Icon: {fileID: 0}
  m_NavMeshLayer: 0
  m_StaticEditorFlags: 0
  m_IsActive: 1
--- !u!1 &162078
GameObject:
  m_ObjectHideFlags: 1
  m_PrefabParentObject: {fileID: 0}
  m_PrefabInternal: {fileID: 100100000}
  serializedVersion: 4
  m_Component:
  - 4: {fileID: 401910}
  m_Layer: 0
  m_Name: Bone_014
  m_TagString: Untagged
  m_Icon: {fileID: 0}
  m_NavMeshLayer: 0
  m_StaticEditorFlags: 0
  m_IsActive: 1
--- !u!1 &162456
GameObject:
  m_ObjectHideFlags: 0
  m_PrefabParentObject: {fileID: 0}
  m_PrefabInternal: {fileID: 100100000}
  serializedVersion: 4
  m_Component:
  - 4: {fileID: 498350}
  - 33: {fileID: 3366258}
  - 23: {fileID: 2386690}
  m_Layer: 0
  m_Name: Rock7x4_ (2)
  m_TagString: Untagged
  m_Icon: {fileID: 0}
  m_NavMeshLayer: 0
  m_StaticEditorFlags: 0
  m_IsActive: 1
--- !u!1 &163608
GameObject:
  m_ObjectHideFlags: 0
  m_PrefabParentObject: {fileID: 0}
  m_PrefabInternal: {fileID: 100100000}
  serializedVersion: 4
  m_Component:
  - 4: {fileID: 433216}
  - 33: {fileID: 3310274}
  - 23: {fileID: 2376470}
  m_Layer: 0
  m_Name: Rock6x5_ (4)
  m_TagString: Untagged
  m_Icon: {fileID: 0}
  m_NavMeshLayer: 0
  m_StaticEditorFlags: 0
  m_IsActive: 1
--- !u!1 &163884
GameObject:
  m_ObjectHideFlags: 1
  m_PrefabParentObject: {fileID: 0}
  m_PrefabInternal: {fileID: 100100000}
  serializedVersion: 4
  m_Component:
  - 4: {fileID: 404174}
  m_Layer: 0
  m_Name: Bone_006
  m_TagString: Untagged
  m_Icon: {fileID: 0}
  m_NavMeshLayer: 0
  m_StaticEditorFlags: 0
  m_IsActive: 1
--- !u!1 &164308
GameObject:
  m_ObjectHideFlags: 1
  m_PrefabParentObject: {fileID: 0}
  m_PrefabInternal: {fileID: 100100000}
  serializedVersion: 4
  m_Component:
  - 4: {fileID: 407936}
  m_Layer: 0
  m_Name: Bone_002
  m_TagString: Untagged
  m_Icon: {fileID: 0}
  m_NavMeshLayer: 0
  m_StaticEditorFlags: 0
  m_IsActive: 1
--- !u!1 &167052
GameObject:
  m_ObjectHideFlags: 1
  m_PrefabParentObject: {fileID: 0}
  m_PrefabInternal: {fileID: 100100000}
  serializedVersion: 4
  m_Component:
  - 4: {fileID: 456800}
  m_Layer: 0
  m_Name: Bone_013
  m_TagString: Untagged
  m_Icon: {fileID: 0}
  m_NavMeshLayer: 0
  m_StaticEditorFlags: 0
  m_IsActive: 1
--- !u!1 &170938
GameObject:
  m_ObjectHideFlags: 1
  m_PrefabParentObject: {fileID: 0}
  m_PrefabInternal: {fileID: 100100000}
  serializedVersion: 4
  m_Component:
  - 4: {fileID: 469634}
  m_Layer: 0
  m_Name: Bone_012
  m_TagString: Untagged
  m_Icon: {fileID: 0}
  m_NavMeshLayer: 0
  m_StaticEditorFlags: 0
  m_IsActive: 1
--- !u!1 &171014
GameObject:
  m_ObjectHideFlags: 0
  m_PrefabParentObject: {fileID: 0}
  m_PrefabInternal: {fileID: 100100000}
  serializedVersion: 4
  m_Component:
  - 4: {fileID: 433430}
  - 95: {fileID: 9545466}
  m_Layer: 0
  m_Name: LenguaDeSuegra0
  m_TagString: Untagged
  m_Icon: {fileID: 0}
  m_NavMeshLayer: 0
  m_StaticEditorFlags: 0
  m_IsActive: 1
--- !u!1 &171274
GameObject:
  m_ObjectHideFlags: 1
  m_PrefabParentObject: {fileID: 0}
  m_PrefabInternal: {fileID: 100100000}
  serializedVersion: 4
  m_Component:
  - 4: {fileID: 458654}
  m_Layer: 0
  m_Name: Bone
  m_TagString: Untagged
  m_Icon: {fileID: 0}
  m_NavMeshLayer: 0
  m_StaticEditorFlags: 0
  m_IsActive: 1
--- !u!1 &171628
GameObject:
  m_ObjectHideFlags: 1
  m_PrefabParentObject: {fileID: 0}
  m_PrefabInternal: {fileID: 100100000}
  serializedVersion: 4
  m_Component:
  - 4: {fileID: 483036}
  m_Layer: 0
  m_Name: Armature
  m_TagString: Untagged
  m_Icon: {fileID: 0}
  m_NavMeshLayer: 0
  m_StaticEditorFlags: 0
  m_IsActive: 1
--- !u!1 &171940
GameObject:
  m_ObjectHideFlags: 1
  m_PrefabParentObject: {fileID: 0}
  m_PrefabInternal: {fileID: 100100000}
  serializedVersion: 4
  m_Component:
  - 4: {fileID: 467802}
  m_Layer: 0
  m_Name: Bone_003
  m_TagString: Untagged
  m_Icon: {fileID: 0}
  m_NavMeshLayer: 0
  m_StaticEditorFlags: 0
  m_IsActive: 1
--- !u!1 &176666
GameObject:
  m_ObjectHideFlags: 1
  m_PrefabParentObject: {fileID: 0}
  m_PrefabInternal: {fileID: 100100000}
  serializedVersion: 4
  m_Component:
  - 4: {fileID: 404392}
  m_Layer: 0
  m_Name: Bone_007
  m_TagString: Untagged
  m_Icon: {fileID: 0}
  m_NavMeshLayer: 0
  m_StaticEditorFlags: 0
  m_IsActive: 1
--- !u!1 &176738
GameObject:
  m_ObjectHideFlags: 1
  m_PrefabParentObject: {fileID: 0}
  m_PrefabInternal: {fileID: 100100000}
  serializedVersion: 4
  m_Component:
  - 4: {fileID: 411094}
  m_Layer: 0
  m_Name: Bone_014
  m_TagString: Untagged
  m_Icon: {fileID: 0}
  m_NavMeshLayer: 0
  m_StaticEditorFlags: 0
  m_IsActive: 1
--- !u!1 &177212
GameObject:
  m_ObjectHideFlags: 1
  m_PrefabParentObject: {fileID: 0}
  m_PrefabInternal: {fileID: 100100000}
  serializedVersion: 4
  m_Component:
  - 4: {fileID: 422262}
  m_Layer: 0
  m_Name: Bone_006
  m_TagString: Untagged
  m_Icon: {fileID: 0}
  m_NavMeshLayer: 0
  m_StaticEditorFlags: 0
  m_IsActive: 1
--- !u!1 &180968
GameObject:
  m_ObjectHideFlags: 1
  m_PrefabParentObject: {fileID: 0}
  m_PrefabInternal: {fileID: 100100000}
  serializedVersion: 4
  m_Component:
  - 4: {fileID: 453148}
  m_Layer: 0
  m_Name: Bone_001
  m_TagString: Untagged
  m_Icon: {fileID: 0}
  m_NavMeshLayer: 0
  m_StaticEditorFlags: 0
  m_IsActive: 1
--- !u!1 &181072
GameObject:
  m_ObjectHideFlags: 0
  m_PrefabParentObject: {fileID: 0}
  m_PrefabInternal: {fileID: 100100000}
  serializedVersion: 4
  m_Component:
  - 4: {fileID: 450670}
  m_Layer: 0
  m_Name: BeachDiorama1
  m_TagString: Untagged
  m_Icon: {fileID: 0}
  m_NavMeshLayer: 0
  m_StaticEditorFlags: 0
  m_IsActive: 1
--- !u!1 &181998
GameObject:
  m_ObjectHideFlags: 1
  m_PrefabParentObject: {fileID: 0}
  m_PrefabInternal: {fileID: 100100000}
  serializedVersion: 4
  m_Component:
  - 4: {fileID: 447778}
  m_Layer: 0
  m_Name: Bone_001
  m_TagString: Untagged
  m_Icon: {fileID: 0}
  m_NavMeshLayer: 0
  m_StaticEditorFlags: 0
  m_IsActive: 1
--- !u!1 &182470
GameObject:
  m_ObjectHideFlags: 1
  m_PrefabParentObject: {fileID: 0}
  m_PrefabInternal: {fileID: 100100000}
  serializedVersion: 4
  m_Component:
  - 4: {fileID: 484238}
  m_Layer: 0
  m_Name: Bone_011
  m_TagString: Untagged
  m_Icon: {fileID: 0}
  m_NavMeshLayer: 0
  m_StaticEditorFlags: 0
  m_IsActive: 1
--- !u!1 &183324
GameObject:
  m_ObjectHideFlags: 1
  m_PrefabParentObject: {fileID: 0}
  m_PrefabInternal: {fileID: 100100000}
  serializedVersion: 4
  m_Component:
  - 4: {fileID: 474436}
  m_Layer: 0
  m_Name: Bone_009
  m_TagString: Untagged
  m_Icon: {fileID: 0}
  m_NavMeshLayer: 0
  m_StaticEditorFlags: 0
  m_IsActive: 1
--- !u!1 &183364
GameObject:
  m_ObjectHideFlags: 1
  m_PrefabParentObject: {fileID: 0}
  m_PrefabInternal: {fileID: 100100000}
  serializedVersion: 4
  m_Component:
  - 4: {fileID: 452960}
  m_Layer: 0
  m_Name: Bone_011
  m_TagString: Untagged
  m_Icon: {fileID: 0}
  m_NavMeshLayer: 0
  m_StaticEditorFlags: 0
  m_IsActive: 1
--- !u!1 &185558
GameObject:
  m_ObjectHideFlags: 1
  m_PrefabParentObject: {fileID: 0}
  m_PrefabInternal: {fileID: 100100000}
  serializedVersion: 4
  m_Component:
  - 4: {fileID: 493628}
  m_Layer: 0
  m_Name: Bone_004
  m_TagString: Untagged
  m_Icon: {fileID: 0}
  m_NavMeshLayer: 0
  m_StaticEditorFlags: 0
  m_IsActive: 1
--- !u!1 &188530
GameObject:
  m_ObjectHideFlags: 1
  m_PrefabParentObject: {fileID: 0}
  m_PrefabInternal: {fileID: 100100000}
  serializedVersion: 4
  m_Component:
  - 4: {fileID: 451400}
  - 137: {fileID: 13720146}
  m_Layer: 0
  m_Name: PalmTree
  m_TagString: Untagged
  m_Icon: {fileID: 0}
  m_NavMeshLayer: 0
  m_StaticEditorFlags: 0
  m_IsActive: 1
--- !u!1 &189134
GameObject:
  m_ObjectHideFlags: 1
  m_PrefabParentObject: {fileID: 0}
  m_PrefabInternal: {fileID: 100100000}
  serializedVersion: 4
  m_Component:
  - 4: {fileID: 485954}
  - 137: {fileID: 13741998}
  m_Layer: 0
  m_Name: PalmTree
  m_TagString: Untagged
  m_Icon: {fileID: 0}
  m_NavMeshLayer: 0
  m_StaticEditorFlags: 0
  m_IsActive: 1
--- !u!1 &192828
GameObject:
  m_ObjectHideFlags: 1
  m_PrefabParentObject: {fileID: 0}
  m_PrefabInternal: {fileID: 100100000}
  serializedVersion: 4
  m_Component:
  - 4: {fileID: 435888}
  m_Layer: 0
  m_Name: Bone
  m_TagString: Untagged
  m_Icon: {fileID: 0}
  m_NavMeshLayer: 0
  m_StaticEditorFlags: 0
  m_IsActive: 1
--- !u!1 &194174
GameObject:
  m_ObjectHideFlags: 1
  m_PrefabParentObject: {fileID: 0}
  m_PrefabInternal: {fileID: 100100000}
  serializedVersion: 4
  m_Component:
  - 4: {fileID: 417368}
  m_Layer: 0
  m_Name: Bone_012
  m_TagString: Untagged
  m_Icon: {fileID: 0}
  m_NavMeshLayer: 0
  m_StaticEditorFlags: 0
  m_IsActive: 1
--- !u!1 &194958
GameObject:
  m_ObjectHideFlags: 1
  m_PrefabParentObject: {fileID: 0}
  m_PrefabInternal: {fileID: 100100000}
  serializedVersion: 4
  m_Component:
  - 4: {fileID: 436314}
  m_Layer: 0
  m_Name: Bone_005
  m_TagString: Untagged
  m_Icon: {fileID: 0}
  m_NavMeshLayer: 0
  m_StaticEditorFlags: 0
  m_IsActive: 1
--- !u!1 &196134
GameObject:
  m_ObjectHideFlags: 1
  m_PrefabParentObject: {fileID: 0}
  m_PrefabInternal: {fileID: 100100000}
  serializedVersion: 4
  m_Component:
  - 4: {fileID: 493514}
  m_Layer: 0
  m_Name: Bone_001
  m_TagString: Untagged
  m_Icon: {fileID: 0}
  m_NavMeshLayer: 0
  m_StaticEditorFlags: 0
  m_IsActive: 1
--- !u!1 &196448
GameObject:
  m_ObjectHideFlags: 1
  m_PrefabParentObject: {fileID: 0}
  m_PrefabInternal: {fileID: 100100000}
  serializedVersion: 4
  m_Component:
  - 4: {fileID: 430668}
  m_Layer: 0
  m_Name: Bone_010
  m_TagString: Untagged
  m_Icon: {fileID: 0}
  m_NavMeshLayer: 0
  m_StaticEditorFlags: 0
  m_IsActive: 1
--- !u!1 &197218
GameObject:
  m_ObjectHideFlags: 1
  m_PrefabParentObject: {fileID: 0}
  m_PrefabInternal: {fileID: 100100000}
  serializedVersion: 4
  m_Component:
  - 4: {fileID: 472962}
  m_Layer: 0
  m_Name: Bone
  m_TagString: Untagged
  m_Icon: {fileID: 0}
  m_NavMeshLayer: 0
  m_StaticEditorFlags: 0
  m_IsActive: 1
--- !u!4 &400292
Transform:
  m_ObjectHideFlags: 1
  m_PrefabParentObject: {fileID: 0}
  m_PrefabInternal: {fileID: 100100000}
  m_GameObject: {fileID: 100076}
  m_LocalRotation: {x: -.160883576, y: -.671996891, z: .168306172, w: .703000486}
  m_LocalPosition: {x: -.0223968104, y: 1.71454617e-09, z: -9.61461258e-11}
  m_LocalScale: {x: .999999881, y: .999999762, z: .999999881}
  m_Children:
  - {fileID: 412782}
  m_Father: {fileID: 494448}
  m_RootOrder: 1
--- !u!4 &400930
Transform:
  m_ObjectHideFlags: 1
  m_PrefabParentObject: {fileID: 0}
  m_PrefabInternal: {fileID: 100100000}
  m_GameObject: {fileID: 122034}
  m_LocalRotation: {x: -.707106829, y: 0, z: -0, w: .707106709}
  m_LocalPosition: {x: 0, y: 0, z: 0}
  m_LocalScale: {x: 100, y: 100.000008, z: 100.000008}
  m_Children:
  - {fileID: 411592}
  m_Father: {fileID: 471634}
  m_RootOrder: 0
--- !u!4 &401910
Transform:
  m_ObjectHideFlags: 1
  m_PrefabParentObject: {fileID: 0}
  m_PrefabInternal: {fileID: 100100000}
  m_GameObject: {fileID: 162078}
  m_LocalRotation: {x: -.00368762575, y: -.25987643, z: -.0137013737, w: .965537667}
  m_LocalPosition: {x: -.0202141702, y: 1.52698643e-09, z: 4.81894413e-10}
  m_LocalScale: {x: 1, y: .99999994, z: .999999762}
  m_Children: []
  m_Father: {fileID: 456800}
  m_RootOrder: 0
--- !u!4 &404174
Transform:
  m_ObjectHideFlags: 1
  m_PrefabParentObject: {fileID: 0}
  m_PrefabInternal: {fileID: 100100000}
  m_GameObject: {fileID: 163884}
  m_LocalRotation: {x: -.00695791189, y: -.265000612, z: -.0253083482, w: .96389097}
  m_LocalPosition: {x: -.0203796383, y: 1.25343369e-09, z: 2.33044117e-09}
  m_LocalScale: {x: 1, y: 1.00000012, z: .99999994}
  m_Children: []
  m_Father: {fileID: 438536}
  m_RootOrder: 0
--- !u!4 &404392
Transform:
  m_ObjectHideFlags: 1
  m_PrefabParentObject: {fileID: 0}
  m_PrefabInternal: {fileID: 100100000}
  m_GameObject: {fileID: 176666}
  m_LocalRotation: {x: -.460833997, y: -.51487422, z: .48209548, w: .538628459}
  m_LocalPosition: {x: -.0223968104, y: 1.71454617e-09, z: -9.61461258e-11}
  m_LocalScale: {x: .999999881, y: .999999821, z: .99999994}
  m_Children:
  - {fileID: 452154}
  m_Father: {fileID: 407936}
  m_RootOrder: 2
--- !u!4 &405164
Transform:
  m_ObjectHideFlags: 1
  m_PrefabParentObject: {fileID: 0}
  m_PrefabInternal: {fileID: 100100000}
  m_GameObject: {fileID: 135394}
  m_LocalRotation: {x: .0176126808, y: 8.71879165e-05, z: .00494701648, w: .99983269}
  m_LocalPosition: {x: -.0299083516, y: 2.23051755e-09, z: -1.19999991e-16}
  m_LocalScale: {x: .99999994, y: 1.00000012, z: 1}
  m_Children: []
  m_Father: {fileID: 460884}
  m_RootOrder: 0
--- !u!4 &407640
Transform:
  m_ObjectHideFlags: 1
  m_PrefabParentObject: {fileID: 0}
  m_PrefabInternal: {fileID: 100100000}
  m_GameObject: {fileID: 147996}
  m_LocalRotation: {x: .504971027, y: .494978994, z: -.494980186, w: .504970014}
  m_LocalPosition: {x: -0, y: 0, z: .00389530044}
  m_LocalScale: {x: 1, y: 1.00000012, z: 1}
  m_Children:
  - {fileID: 444844}
  m_Father: {fileID: 473756}
  m_RootOrder: 0
--- !u!4 &407936
Transform:
  m_ObjectHideFlags: 1
  m_PrefabParentObject: {fileID: 0}
  m_PrefabInternal: {fileID: 100100000}
  m_GameObject: {fileID: 164308}
  m_LocalRotation: {x: .999033451, y: .00647604279, z: -.0434755273, w: .000282253663}
  m_LocalPosition: {x: -.0241069477, y: 1.91037541e-09, z: 3.02794262e-10}
  m_LocalScale: {x: 1, y: .99999994, z: .99999994}
  m_Children:
  - {fileID: 472900}
  - {fileID: 436314}
  - {fileID: 404392}
  - {fileID: 421892}
  - {fileID: 415812}
  - {fileID: 456378}
  m_Father: {fileID: 447778}
  m_RootOrder: 0
--- !u!4 &410624
Transform:
  m_ObjectHideFlags: 1
  m_PrefabParentObject: {fileID: 0}
  m_PrefabInternal: {fileID: 100100000}
  m_GameObject: {fileID: 113938}
  m_LocalRotation: {x: -.00910994317, y: -.257203847, z: -.0342043303, w: .965708733}
  m_LocalPosition: {x: -.0172500461, y: 1.94791139e-09, z: -3.49105433e-09}
  m_LocalScale: {x: .99999994, y: .999999702, z: .999999881}
  m_Children: []
  m_Father: {fileID: 452960}
  m_RootOrder: 0
--- !u!4 &411094
Transform:
  m_ObjectHideFlags: 1
  m_PrefabParentObject: {fileID: 0}
  m_PrefabInternal: {fileID: 100100000}
  m_GameObject: {fileID: 176738}
  m_LocalRotation: {x: -.00368762575, y: -.25987643, z: -.0137013737, w: .965537667}
  m_LocalPosition: {x: -.0202141702, y: 1.52698643e-09, z: 4.81894413e-10}
  m_LocalScale: {x: 1, y: .99999994, z: .999999762}
  m_Children: []
  m_Father: {fileID: 456378}
  m_RootOrder: 0
--- !u!4 &411592
Transform:
  m_ObjectHideFlags: 1
  m_PrefabParentObject: {fileID: 0}
  m_PrefabInternal: {fileID: 100100000}
  m_GameObject: {fileID: 114056}
  m_LocalRotation: {x: .446162611, y: .446162432, z: -.548579156, w: .548578978}
  m_LocalPosition: {x: 0, y: 0, z: 0}
  m_LocalScale: {x: 1, y: 1, z: 1}
  m_Children:
  - {fileID: 453148}
  m_Father: {fileID: 400930}
  m_RootOrder: 0
--- !u!4 &412246
Transform:
  m_ObjectHideFlags: 1
  m_PrefabParentObject: {fileID: 0}
  m_PrefabInternal: {fileID: 100100000}
  m_GameObject: {fileID: 110326}
  m_LocalRotation: {x: -.0868435428, y: .0587321445, z: .712067425, w: -.694239676}
  m_LocalPosition: {x: -4.01955795, y: 4.24435139, z: 1.9967941}
  m_LocalScale: {x: 1.76634192, y: 1.76634073, z: 1.76634169}
  m_Children: []
  m_Father: {fileID: 450670}
  m_RootOrder: 8
--- !u!4 &412782
Transform:
  m_ObjectHideFlags: 1
  m_PrefabParentObject: {fileID: 0}
  m_PrefabInternal: {fileID: 100100000}
  m_GameObject: {fileID: 114688}
  m_LocalRotation: {x: -.00695791189, y: -.265000612, z: -.0253083482, w: .96389097}
  m_LocalPosition: {x: -.0203796383, y: 1.25343369e-09, z: 2.33044117e-09}
  m_LocalScale: {x: 1, y: 1.00000012, z: .99999994}
  m_Children: []
  m_Father: {fileID: 400292}
  m_RootOrder: 0
--- !u!4 &412862
Transform:
  m_ObjectHideFlags: 1
  m_PrefabParentObject: {fileID: 0}
  m_PrefabInternal: {fileID: 100100000}
  m_GameObject: {fileID: 122464}
  m_LocalRotation: {x: .707106829, y: 0, z: 0, w: .707106709}
  m_LocalPosition: {x: .00105462992, y: .00910243113, z: -.00819997676}
  m_LocalScale: {x: 1, y: 1, z: 1}
  m_Children: []
  m_Father: {fileID: 419486}
  m_RootOrder: 1
--- !u!4 &415812
Transform:
  m_ObjectHideFlags: 1
  m_PrefabParentObject: {fileID: 0}
  m_PrefabInternal: {fileID: 100100000}
  m_GameObject: {fileID: 138408}
  m_LocalRotation: {x: -.676952004, y: .138562232, z: .708184063, w: -.144955054}
  m_LocalPosition: {x: -.0223968104, y: 1.71454617e-09, z: -9.61461258e-11}
  m_LocalScale: {x: 1, y: .999999762, z: .999999821}
  m_Children:
  - {fileID: 469634}
  m_Father: {fileID: 407936}
  m_RootOrder: 4
--- !u!4 &417368
Transform:
  m_ObjectHideFlags: 1
  m_PrefabParentObject: {fileID: 0}
  m_PrefabInternal: {fileID: 100100000}
  m_GameObject: {fileID: 194174}
  m_LocalRotation: {x: -.00910994317, y: -.257203847, z: -.0342043303, w: .965708733}
  m_LocalPosition: {x: -.0172500461, y: 1.94791139e-09, z: -3.49105433e-09}
  m_LocalScale: {x: .99999994, y: .999999702, z: .999999881}
  m_Children: []
  m_Father: {fileID: 484238}
  m_RootOrder: 0
--- !u!4 &419486
Transform:
  m_ObjectHideFlags: 1
  m_PrefabParentObject: {fileID: 0}
  m_PrefabInternal: {fileID: 100100000}
  m_GameObject: {fileID: 111650}
  m_LocalRotation: {x: -.168940008, y: .0187556762, z: .141210273, w: .97527802}
  m_LocalPosition: {x: -1.86624146, y: 1.66089606, z: -6.1659317}
  m_LocalScale: {x: 1, y: 1, z: 1}
  m_Children:
  - {fileID: 483036}
  - {fileID: 412862}
  m_Father: {fileID: 450670}
  m_RootOrder: 1
--- !u!4 &421892
Transform:
  m_ObjectHideFlags: 1
  m_PrefabParentObject: {fileID: 0}
  m_PrefabInternal: {fileID: 100100000}
  m_GameObject: {fileID: 135258}
  m_LocalRotation: {x: -.649961948, y: -.234548479, z: .679948747, w: .245369568}
  m_LocalPosition: {x: -.0223968104, y: 1.71454617e-09, z: -9.61461258e-11}
  m_LocalScale: {x: 1, y: .999999881, z: .999999821}
  m_Children:
  - {fileID: 459220}
  m_Father: {fileID: 407936}
  m_RootOrder: 3
--- !u!4 &422262
Transform:
  m_ObjectHideFlags: 1
  m_PrefabParentObject: {fileID: 0}
  m_PrefabInternal: {fileID: 100100000}
  m_GameObject: {fileID: 177212}
  m_LocalRotation: {x: -.00695791189, y: -.265000612, z: -.0253083482, w: .96389097}
  m_LocalPosition: {x: -.0203796383, y: 1.25343369e-09, z: 2.33044117e-09}
  m_LocalScale: {x: 1, y: 1.00000012, z: .99999994}
  m_Children: []
  m_Father: {fileID: 436314}
  m_RootOrder: 0
--- !u!4 &422496
Transform:
  m_ObjectHideFlags: 1
  m_PrefabParentObject: {fileID: 0}
  m_PrefabInternal: {fileID: 100100000}
  m_GameObject: {fileID: 117540}
  m_LocalRotation: {x: .999033451, y: .00647604279, z: -.0434755273, w: .000282253663}
  m_LocalPosition: {x: -.0241069477, y: 1.91037541e-09, z: 3.02794262e-10}
  m_LocalScale: {x: 1, y: .99999994, z: .99999994}
  m_Children:
  - {fileID: 429960}
  - {fileID: 438536}
  - {fileID: 485756}
  - {fileID: 474436}
  - {fileID: 484238}
  - {fileID: 482416}
  m_Father: {fileID: 493514}
  m_RootOrder: 0
--- !u!4 &424528
Transform:
  m_ObjectHideFlags: 1
  m_PrefabParentObject: {fileID: 0}
  m_PrefabInternal: {fileID: 100100000}
  m_GameObject: {fileID: 161068}
  m_LocalRotation: {x: .707106829, y: 0, z: 0, w: .707106709}
  m_LocalPosition: {x: .00105462992, y: .00910243113, z: -.00819997676}
  m_LocalScale: {x: 1, y: 1, z: 1}
  m_Children: []
  m_Father: {fileID: 433430}
  m_RootOrder: 1
--- !u!4 &425518
Transform:
  m_ObjectHideFlags: 1
  m_PrefabParentObject: {fileID: 0}
  m_PrefabInternal: {fileID: 100100000}
  m_GameObject: {fileID: 161134}
  m_LocalRotation: {x: 0, y: -.600000143, z: 0, w: .799999893}
  m_LocalPosition: {x: 1.94534302, y: .0805892944, z: -3.49451447}
  m_LocalScale: {x: .629289389, y: .629289269, z: .629289329}
  m_Children: []
  m_Father: {fileID: 450670}
  m_RootOrder: 0
--- !u!4 &429960
Transform:
  m_ObjectHideFlags: 1
  m_PrefabParentObject: {fileID: 0}
  m_PrefabInternal: {fileID: 100100000}
  m_GameObject: {fileID: 119430}
  m_LocalRotation: {x: .16932331, y: -.669920146, z: -.177135497, w: .700827837}
  m_LocalPosition: {x: -.0223968104, y: 1.71454617e-09, z: -9.61461258e-11}
  m_LocalScale: {x: 1.00000012, y: .99999994, z: .99999994}
  m_Children:
  - {fileID: 436424}
  m_Father: {fileID: 422496}
  m_RootOrder: 0
--- !u!4 &430668
Transform:
  m_ObjectHideFlags: 1
  m_PrefabParentObject: {fileID: 0}
  m_PrefabInternal: {fileID: 100100000}
  m_GameObject: {fileID: 196448}
  m_LocalRotation: {x: .00723644905, y: -.28506735, z: .0243230835, w: .958171487}
  m_LocalPosition: {x: -.0176144913, y: 1.49870627e-09, z: -2.73704193e-09}
  m_LocalScale: {x: 1, y: 1, z: 1}
  m_Children: []
  m_Father: {fileID: 478234}
  m_RootOrder: 0
--- !u!4 &432678
Transform:
  m_ObjectHideFlags: 1
  m_PrefabParentObject: {fileID: 0}
  m_PrefabInternal: {fileID: 100100000}
  m_GameObject: {fileID: 132034}
  m_LocalRotation: {x: -.155971467, y: -.973739445, z: .0262302961, w: .163757354}
  m_LocalPosition: {x: 4.01000023, y: .659999907, z: -7.62999964}
  m_LocalScale: {x: .811283708, y: .811283708, z: .811283827}
  m_Children:
  - {fileID: 473508}
  - {fileID: 451400}
  m_Father: {fileID: 450670}
  m_RootOrder: 4
--- !u!4 &433216
Transform:
  m_ObjectHideFlags: 1
  m_PrefabParentObject: {fileID: 0}
  m_PrefabInternal: {fileID: 100100000}
  m_GameObject: {fileID: 163608}
  m_LocalRotation: {x: .256580085, y: .417671144, z: -.0694890991, w: -.868843317}
  m_LocalPosition: {x: 3.39685845, y: .0809567198, z: 10.0221167}
  m_LocalScale: {x: 1.61346018, y: 1.61345983, z: 1.61346138}
  m_Children: []
  m_Father: {fileID: 450670}
  m_RootOrder: 12
--- !u!4 &433430
Transform:
  m_ObjectHideFlags: 1
  m_PrefabParentObject: {fileID: 0}
  m_PrefabInternal: {fileID: 100100000}
  m_GameObject: {fileID: 171014}
  m_LocalRotation: {x: -.166409463, y: .0346504152, z: .0483332537, w: .984261751}
  m_LocalPosition: {x: 2.41340637, y: 1.82676291, z: -3.65117645}
  m_LocalScale: {x: 1, y: 1, z: 1}
  m_Children:
  - {fileID: 473756}
  - {fileID: 424528}
  m_Father: {fileID: 450670}
  m_RootOrder: 2
--- !u!4 &435888
Transform:
  m_ObjectHideFlags: 1
  m_PrefabParentObject: {fileID: 0}
  m_PrefabInternal: {fileID: 100100000}
  m_GameObject: {fileID: 192828}
  m_LocalRotation: {x: .446162611, y: .446162432, z: -.548579156, w: .548578978}
  m_LocalPosition: {x: 0, y: 0, z: 0}
  m_LocalScale: {x: 1, y: 1, z: 1}
  m_Children:
  - {fileID: 447778}
  m_Father: {fileID: 473508}
  m_RootOrder: 0
--- !u!4 &436314
Transform:
  m_ObjectHideFlags: 1
  m_PrefabParentObject: {fileID: 0}
  m_PrefabInternal: {fileID: 100100000}
  m_GameObject: {fileID: 194958}
  m_LocalRotation: {x: -.160883576, y: -.671996891, z: .168306172, w: .703000486}
  m_LocalPosition: {x: -.0223968104, y: 1.71454617e-09, z: -9.61461258e-11}
  m_LocalScale: {x: .999999881, y: .999999762, z: .999999881}
  m_Children:
  - {fileID: 422262}
  m_Father: {fileID: 407936}
  m_RootOrder: 1
--- !u!4 &436424
Transform:
  m_ObjectHideFlags: 1
  m_PrefabParentObject: {fileID: 0}
  m_PrefabInternal: {fileID: 100100000}
  m_GameObject: {fileID: 129838}
  m_LocalRotation: {x: -.00166736613, y: -.265446872, z: -.00605605636, w: .96410501}
  m_LocalPosition: {x: -.0204870999, y: 1.51823198e-09, z: 2.30943686e-09}
  m_LocalScale: {x: .999999881, y: 1, z: .999999881}
  m_Children: []
  m_Father: {fileID: 429960}
  m_RootOrder: 0
--- !u!4 &438536
Transform:
  m_ObjectHideFlags: 1
  m_PrefabParentObject: {fileID: 0}
  m_PrefabInternal: {fileID: 100100000}
  m_GameObject: {fileID: 131216}
  m_LocalRotation: {x: -.160883576, y: -.671996891, z: .168306172, w: .703000486}
  m_LocalPosition: {x: -.0223968104, y: 1.71454617e-09, z: -9.61461258e-11}
  m_LocalScale: {x: .999999881, y: .999999762, z: .999999881}
  m_Children:
  - {fileID: 404174}
  m_Father: {fileID: 422496}
  m_RootOrder: 1
--- !u!4 &441592
Transform:
  m_ObjectHideFlags: 1
  m_PrefabParentObject: {fileID: 0}
  m_PrefabInternal: {fileID: 100100000}
  m_GameObject: {fileID: 150014}
  m_LocalRotation: {x: -.00416054158, y: -.287653863, z: -.0138506265, w: .95762527}
  m_LocalPosition: {x: -.0195877161, y: 1.84314664e-09, z: 5.11205855e-10}
  m_LocalScale: {x: .999999762, y: .999999821, z: .999999821}
  m_Children: []
  m_Father: {fileID: 485756}
  m_RootOrder: 0
--- !u!4 &443040
Transform:
  m_ObjectHideFlags: 1
  m_PrefabParentObject: {fileID: 0}
  m_PrefabInternal: {fileID: 100100000}
  m_GameObject: {fileID: 142910}
  m_LocalRotation: {x: .0176126808, y: 8.71879165e-05, z: .00494701648, w: .99983269}
  m_LocalPosition: {x: -.0299083516, y: 2.23051755e-09, z: -1.19999991e-16}
  m_LocalScale: {x: .99999994, y: 1.00000012, z: 1}
  m_Children: []
  m_Father: {fileID: 472962}
  m_RootOrder: 0
--- !u!4 &444844
Transform:
  m_ObjectHideFlags: 1
  m_PrefabParentObject: {fileID: 0}
  m_PrefabInternal: {fileID: 100100000}
  m_GameObject: {fileID: 152644}
  m_LocalRotation: {x: .0176126808, y: 8.71879165e-05, z: .00494701648, w: .99983269}
  m_LocalPosition: {x: -.0299083516, y: 2.23051755e-09, z: -1.19999991e-16}
  m_LocalScale: {x: .99999994, y: 1.00000012, z: 1}
  m_Children: []
  m_Father: {fileID: 407640}
  m_RootOrder: 0
--- !u!4 &445982
Transform:
  m_ObjectHideFlags: 1
  m_PrefabParentObject: {fileID: 0}
  m_PrefabInternal: {fileID: 100100000}
  m_GameObject: {fileID: 113710}
  m_LocalRotation: {x: 0, y: 0, z: 0, w: 1}
  m_LocalPosition: {x: 0, y: 0, z: 0}
  m_LocalScale: {x: 1, y: 1, z: 1}
  m_Children: []
  m_Father: {fileID: 468552}
  m_RootOrder: 1
--- !u!4 &447778
Transform:
  m_ObjectHideFlags: 1
  m_PrefabParentObject: {fileID: 0}
  m_PrefabInternal: {fileID: 100100000}
  m_GameObject: {fileID: 181998}
  m_LocalRotation: {x: -.000528455887, y: .0815582201, z: -.00646067085, w: .996647477}
  m_LocalPosition: {x: -.0205255933, y: 1.54963919e-09, z: 0}
  m_LocalScale: {x: 1.00000012, y: .999999762, z: .99999994}
  m_Children:
  - {fileID: 407936}
  m_Father: {fileID: 435888}
  m_RootOrder: 0
--- !u!4 &450212
Transform:
  m_ObjectHideFlags: 1
  m_PrefabParentObject: {fileID: 0}
  m_PrefabInternal: {fileID: 100100000}
  m_GameObject: {fileID: 110942}
  m_LocalRotation: {x: -.00416054158, y: -.287653863, z: -.0138506265, w: .95762527}
  m_LocalPosition: {x: -.0195877161, y: 1.84314664e-09, z: 5.11205855e-10}
  m_LocalScale: {x: .999999762, y: .999999821, z: .999999821}
  m_Children: []
  m_Father: {fileID: 480688}
  m_RootOrder: 0
--- !u!4 &450588
Transform:
  m_ObjectHideFlags: 1
  m_PrefabParentObject: {fileID: 0}
  m_PrefabInternal: {fileID: 100100000}
  m_GameObject: {fileID: 149866}
  m_LocalRotation: {x: -.707106829, y: 0, z: -0, w: .707106709}
  m_LocalPosition: {x: 0, y: 0, z: 0}
  m_LocalScale: {x: 100, y: 100.000008, z: 100.000008}
  m_Children:
  - {fileID: 458654}
  m_Father: {fileID: 468552}
  m_RootOrder: 0
--- !u!4 &450670
Transform:
  m_ObjectHideFlags: 1
  m_PrefabParentObject: {fileID: 0}
  m_PrefabInternal: {fileID: 100100000}
  m_GameObject: {fileID: 181072}
  m_LocalRotation: {x: 0, y: -.570996165, z: 0, w: -.820952773}
  m_LocalPosition: {x: 97.5, y: -0, z: 166.300003}
  m_LocalScale: {x: 2.64610624, y: 2.64610529, z: 2.64610529}
  m_Children:
  - {fileID: 425518}
  - {fileID: 419486}
  - {fileID: 433430}
  - {fileID: 489510}
  - {fileID: 432678}
  - {fileID: 471634}
  - {fileID: 468552}
  - {fileID: 498350}
  - {fileID: 412246}
  - {fileID: 452968}
  - {fileID: 486742}
  - {fileID: 454422}
  - {fileID: 433216}
  - {fileID: 457124}
  m_Father: {fileID: 0}
  m_RootOrder: 0
--- !u!4 &451400
Transform:
  m_ObjectHideFlags: 1
  m_PrefabParentObject: {fileID: 0}
  m_PrefabInternal: {fileID: 100100000}
  m_GameObject: {fileID: 188530}
  m_LocalRotation: {x: 0, y: 0, z: 0, w: 1}
  m_LocalPosition: {x: 0, y: 0, z: 0}
  m_LocalScale: {x: 1, y: 1, z: 1}
  m_Children: []
  m_Father: {fileID: 432678}
  m_RootOrder: 1
--- !u!4 &452154
Transform:
  m_ObjectHideFlags: 1
  m_PrefabParentObject: {fileID: 0}
  m_PrefabInternal: {fileID: 100100000}
  m_GameObject: {fileID: 160158}
  m_LocalRotation: {x: -.00416054158, y: -.287653863, z: -.0138506265, w: .95762527}
  m_LocalPosition: {x: -.0195877161, y: 1.84314664e-09, z: 5.11205855e-10}
  m_LocalScale: {x: .999999762, y: .999999821, z: .999999821}
  m_Children: []
  m_Father: {fileID: 404392}
  m_RootOrder: 0
--- !u!4 &452444
Transform:
  m_ObjectHideFlags: 1
  m_PrefabParentObject: {fileID: 0}
  m_PrefabInternal: {fileID: 100100000}
  m_GameObject: {fileID: 133002}
  m_LocalRotation: {x: .707106829, y: 0, z: 0, w: .707106709}
  m_LocalPosition: {x: .00105462992, y: .00910243113, z: -.00819997676}
  m_LocalScale: {x: 1, y: 1, z: 1}
  m_Children: []
  m_Father: {fileID: 489510}
  m_RootOrder: 1
--- !u!4 &452960
Transform:
  m_ObjectHideFlags: 1
  m_PrefabParentObject: {fileID: 0}
  m_PrefabInternal: {fileID: 100100000}
  m_GameObject: {fileID: 183364}
  m_LocalRotation: {x: -.676952004, y: .138562232, z: .708184063, w: -.144955054}
  m_LocalPosition: {x: -.0223968104, y: 1.71454617e-09, z: -9.61461258e-11}
  m_LocalScale: {x: 1, y: .999999762, z: .999999821}
  m_Children:
  - {fileID: 410624}
  m_Father: {fileID: 494448}
  m_RootOrder: 4
--- !u!4 &452968
Transform:
  m_ObjectHideFlags: 1
  m_PrefabParentObject: {fileID: 0}
  m_PrefabInternal: {fileID: 100100000}
  m_GameObject: {fileID: 149974}
  m_LocalRotation: {x: .0156036047, y: .076207906, z: .0927294642, w: .992648065}
  m_LocalPosition: {x: -.991353631, y: 5.56973553, z: 9.61375332}
  m_LocalScale: {x: 1.79512084, y: 1.79512167, z: 1.79512143}
  m_Children: []
  m_Father: {fileID: 450670}
  m_RootOrder: 9
--- !u!4 &453148
Transform:
  m_ObjectHideFlags: 1
  m_PrefabParentObject: {fileID: 0}
  m_PrefabInternal: {fileID: 100100000}
  m_GameObject: {fileID: 180968}
  m_LocalRotation: {x: -.000528455887, y: .0815582201, z: -.00646067085, w: .996647477}
  m_LocalPosition: {x: -.0205255933, y: 1.54963919e-09, z: 0}
  m_LocalScale: {x: 1.00000012, y: .999999762, z: .99999994}
  m_Children:
  - {fileID: 494448}
  m_Father: {fileID: 411592}
  m_RootOrder: 0
--- !u!4 &454422
Transform:
  m_ObjectHideFlags: 1
  m_PrefabParentObject: {fileID: 0}
  m_PrefabInternal: {fileID: 100100000}
  m_GameObject: {fileID: 102380}
  m_LocalRotation: {x: .250479102, y: .840076387, z: .0900948793, w: -.472667813}
  m_LocalPosition: {x: 5.16164255, y: .0826497748, z: 1.87357509}
  m_LocalScale: {x: 1.61345875, y: 1.61345947, z: 1.61346054}
  m_Children: []
  m_Father: {fileID: 450670}
  m_RootOrder: 11
--- !u!4 &456378
Transform:
  m_ObjectHideFlags: 1
  m_PrefabParentObject: {fileID: 0}
  m_PrefabInternal: {fileID: 100100000}
  m_GameObject: {fileID: 117172}
  m_LocalRotation: {x: .47624591, y: -.50065273, z: -.498218089, w: .523751259}
  m_LocalPosition: {x: -.0223968104, y: 1.71454617e-09, z: -9.61461258e-11}
  m_LocalScale: {x: 1, y: 1.00000012, z: .999999881}
  m_Children:
  - {fileID: 411094}
  m_Father: {fileID: 407936}
  m_RootOrder: 5
--- !u!4 &456800
Transform:
  m_ObjectHideFlags: 1
  m_PrefabParentObject: {fileID: 0}
  m_PrefabInternal: {fileID: 100100000}
  m_GameObject: {fileID: 167052}
  m_LocalRotation: {x: .47624591, y: -.50065273, z: -.498218089, w: .523751259}
  m_LocalPosition: {x: -.0223968104, y: 1.71454617e-09, z: -9.61461258e-11}
  m_LocalScale: {x: 1, y: 1.00000012, z: .999999881}
  m_Children:
  - {fileID: 401910}
  m_Father: {fileID: 494448}
  m_RootOrder: 5
--- !u!4 &457124
Transform:
  m_ObjectHideFlags: 1
  m_PrefabParentObject: {fileID: 0}
  m_PrefabInternal: {fileID: 100100000}
  m_GameObject: {fileID: 101318}
  m_LocalRotation: {x: -.0863222182, y: -.345169753, z: -.910698593, w: -.209844008}
  m_LocalPosition: {x: 11.4241295, y: -1.62684381, z: 4.16093159}
  m_LocalScale: {x: 1.61345959, y: 1.61345959, z: 1.61346138}
  m_Children: []
  m_Father: {fileID: 450670}
  m_RootOrder: 13
--- !u!4 &458654
Transform:
  m_ObjectHideFlags: 1
  m_PrefabParentObject: {fileID: 0}
  m_PrefabInternal: {fileID: 100100000}
  m_GameObject: {fileID: 171274}
  m_LocalRotation: {x: .446162611, y: .446162432, z: -.548579156, w: .548578978}
  m_LocalPosition: {x: 0, y: 0, z: 0}
  m_LocalScale: {x: 1, y: 1, z: 1}
  m_Children:
  - {fileID: 493514}
  m_Father: {fileID: 450588}
  m_RootOrder: 0
--- !u!4 &459220
Transform:
  m_ObjectHideFlags: 1
  m_PrefabParentObject: {fileID: 0}
  m_PrefabInternal: {fileID: 100100000}
  m_GameObject: {fileID: 138428}
  m_LocalRotation: {x: .00723644905, y: -.28506735, z: .0243230835, w: .958171487}
  m_LocalPosition: {x: -.0176144913, y: 1.49870627e-09, z: -2.73704193e-09}
  m_LocalScale: {x: 1, y: 1, z: 1}
  m_Children: []
  m_Father: {fileID: 421892}
  m_RootOrder: 0
--- !u!4 &460884
Transform:
  m_ObjectHideFlags: 1
  m_PrefabParentObject: {fileID: 0}
  m_PrefabInternal: {fileID: 100100000}
  m_GameObject: {fileID: 122172}
  m_LocalRotation: {x: .504971027, y: .494978994, z: -.494980186, w: .504970014}
  m_LocalPosition: {x: -0, y: 0, z: .00389530044}
  m_LocalScale: {x: 1, y: 1.00000012, z: 1}
  m_Children:
  - {fileID: 405164}
  m_Father: {fileID: 463904}
  m_RootOrder: 0
--- !u!4 &463904
Transform:
  m_ObjectHideFlags: 1
  m_PrefabParentObject: {fileID: 0}
  m_PrefabInternal: {fileID: 100100000}
  m_GameObject: {fileID: 132528}
  m_LocalRotation: {x: -.707106829, y: 0, z: -0, w: .707106709}
  m_LocalPosition: {x: -.105463028, y: -.360168666, z: .0435475707}
  m_LocalScale: {x: 19.7826595, y: 19.7826595, z: 19.7826595}
  m_Children:
  - {fileID: 460884}
  m_Father: {fileID: 489510}
  m_RootOrder: 0
--- !u!4 &467802
Transform:
  m_ObjectHideFlags: 1
  m_PrefabParentObject: {fileID: 0}
  m_PrefabInternal: {fileID: 100100000}
  m_GameObject: {fileID: 171940}
  m_LocalRotation: {x: .16932331, y: -.669920146, z: -.177135497, w: .700827837}
  m_LocalPosition: {x: -.0223968104, y: 1.71454617e-09, z: -9.61461258e-11}
  m_LocalScale: {x: 1.00000012, y: .99999994, z: .99999994}
  m_Children:
  - {fileID: 493030}
  m_Father: {fileID: 494448}
  m_RootOrder: 0
--- !u!4 &468552
Transform:
  m_ObjectHideFlags: 1
  m_PrefabParentObject: {fileID: 0}
  m_PrefabInternal: {fileID: 100100000}
  m_GameObject: {fileID: 128282}
  m_LocalRotation: {x: -.168824792, y: -.968068242, z: -.0760840476, w: .168976992}
  m_LocalPosition: {x: 4.11000013, y: .699999869, z: -4.70000124}
  m_LocalScale: {x: .811283946, y: .811283708, z: .811284006}
  m_Children:
  - {fileID: 450588}
  - {fileID: 445982}
  m_Father: {fileID: 450670}
  m_RootOrder: 6
--- !u!4 &469634
Transform:
  m_ObjectHideFlags: 1
  m_PrefabParentObject: {fileID: 0}
  m_PrefabInternal: {fileID: 100100000}
  m_GameObject: {fileID: 170938}
  m_LocalRotation: {x: -.00910994317, y: -.257203847, z: -.0342043303, w: .965708733}
  m_LocalPosition: {x: -.0172500461, y: 1.94791139e-09, z: -3.49105433e-09}
  m_LocalScale: {x: .99999994, y: .999999702, z: .999999881}
  m_Children: []
  m_Father: {fileID: 415812}
  m_RootOrder: 0
--- !u!4 &471634
Transform:
  m_ObjectHideFlags: 1
  m_PrefabParentObject: {fileID: 0}
  m_PrefabInternal: {fileID: 100100000}
  m_GameObject: {fileID: 113278}
  m_LocalRotation: {x: -.0738052055, y: -.983386159, z: .0124120899, w: .165379718}
  m_LocalPosition: {x: 1.01999891, y: 1.74999988, z: -5.28999996}
  m_LocalScale: {x: .811283767, y: .811283708, z: .811283827}
  m_Children:
  - {fileID: 400930}
  - {fileID: 485954}
  m_Father: {fileID: 450670}
  m_RootOrder: 5
--- !u!4 &472900
Transform:
  m_ObjectHideFlags: 1
  m_PrefabParentObject: {fileID: 0}
  m_PrefabInternal: {fileID: 100100000}
  m_GameObject: {fileID: 161328}
  m_LocalRotation: {x: .16932331, y: -.669920146, z: -.177135497, w: .700827837}
  m_LocalPosition: {x: -.0223968104, y: 1.71454617e-09, z: -9.61461258e-11}
  m_LocalScale: {x: 1.00000012, y: .99999994, z: .99999994}
  m_Children:
  - {fileID: 493628}
  m_Father: {fileID: 407936}
  m_RootOrder: 0
--- !u!4 &472962
Transform:
  m_ObjectHideFlags: 1
  m_PrefabParentObject: {fileID: 0}
  m_PrefabInternal: {fileID: 100100000}
  m_GameObject: {fileID: 197218}
  m_LocalRotation: {x: .504971027, y: .494978994, z: -.494980186, w: .504970014}
  m_LocalPosition: {x: -0, y: 0, z: .00389530044}
  m_LocalScale: {x: 1, y: 1.00000012, z: 1}
  m_Children:
  - {fileID: 443040}
  m_Father: {fileID: 483036}
  m_RootOrder: 0
--- !u!4 &473508
Transform:
  m_ObjectHideFlags: 1
  m_PrefabParentObject: {fileID: 0}
  m_PrefabInternal: {fileID: 100100000}
  m_GameObject: {fileID: 121618}
  m_LocalRotation: {x: -.707106829, y: 0, z: -0, w: .707106709}
  m_LocalPosition: {x: 0, y: 0, z: 0}
  m_LocalScale: {x: 100, y: 100.000008, z: 100.000008}
  m_Children:
  - {fileID: 435888}
  m_Father: {fileID: 432678}
  m_RootOrder: 0
--- !u!4 &473756
Transform:
  m_ObjectHideFlags: 1
  m_PrefabParentObject: {fileID: 0}
  m_PrefabInternal: {fileID: 100100000}
  m_GameObject: {fileID: 111538}
  m_LocalRotation: {x: -.707106829, y: 0, z: -0, w: .707106709}
  m_LocalPosition: {x: -.105463028, y: -.360168666, z: .0435475707}
  m_LocalScale: {x: 19.7826595, y: 19.7826595, z: 19.7826595}
  m_Children:
  - {fileID: 407640}
  m_Father: {fileID: 433430}
  m_RootOrder: 0
--- !u!4 &474436
Transform:
  m_ObjectHideFlags: 1
  m_PrefabParentObject: {fileID: 0}
  m_PrefabInternal: {fileID: 100100000}
  m_GameObject: {fileID: 183324}
  m_LocalRotation: {x: -.649961948, y: -.234548479, z: .679948747, w: .245369568}
  m_LocalPosition: {x: -.0223968104, y: 1.71454617e-09, z: -9.61461258e-11}
  m_LocalScale: {x: 1, y: .999999881, z: .999999821}
  m_Children:
  - {fileID: 498216}
  m_Father: {fileID: 422496}
  m_RootOrder: 3
--- !u!4 &478234
Transform:
  m_ObjectHideFlags: 1
  m_PrefabParentObject: {fileID: 0}
  m_PrefabInternal: {fileID: 100100000}
  m_GameObject: {fileID: 102060}
  m_LocalRotation: {x: -.649961948, y: -.234548479, z: .679948747, w: .245369568}
  m_LocalPosition: {x: -.0223968104, y: 1.71454617e-09, z: -9.61461258e-11}
  m_LocalScale: {x: 1, y: .999999881, z: .999999821}
  m_Children:
  - {fileID: 430668}
  m_Father: {fileID: 494448}
  m_RootOrder: 3
--- !u!4 &480688
Transform:
  m_ObjectHideFlags: 1
  m_PrefabParentObject: {fileID: 0}
  m_PrefabInternal: {fileID: 100100000}
  m_GameObject: {fileID: 149340}
  m_LocalRotation: {x: -.460833997, y: -.51487422, z: .48209548, w: .538628459}
  m_LocalPosition: {x: -.0223968104, y: 1.71454617e-09, z: -9.61461258e-11}
  m_LocalScale: {x: .999999881, y: .999999821, z: .99999994}
  m_Children:
  - {fileID: 450212}
  m_Father: {fileID: 494448}
  m_RootOrder: 2
--- !u!4 &482416
Transform:
  m_ObjectHideFlags: 1
  m_PrefabParentObject: {fileID: 0}
  m_PrefabInternal: {fileID: 100100000}
  m_GameObject: {fileID: 100782}
  m_LocalRotation: {x: .47624591, y: -.50065273, z: -.498218089, w: .523751259}
  m_LocalPosition: {x: -.0223968104, y: 1.71454617e-09, z: -9.61461258e-11}
  m_LocalScale: {x: 1, y: 1.00000012, z: .999999881}
  m_Children:
  - {fileID: 484474}
  m_Father: {fileID: 422496}
  m_RootOrder: 5
--- !u!4 &483036
Transform:
  m_ObjectHideFlags: 1
  m_PrefabParentObject: {fileID: 0}
  m_PrefabInternal: {fileID: 100100000}
  m_GameObject: {fileID: 171628}
  m_LocalRotation: {x: -.707106829, y: 0, z: -0, w: .707106709}
  m_LocalPosition: {x: -.105463028, y: -.360168666, z: .0435475707}
  m_LocalScale: {x: 19.7826595, y: 19.7826595, z: 19.7826595}
  m_Children:
  - {fileID: 472962}
  m_Father: {fileID: 419486}
  m_RootOrder: 0
--- !u!4 &484238
Transform:
  m_ObjectHideFlags: 1
  m_PrefabParentObject: {fileID: 0}
  m_PrefabInternal: {fileID: 100100000}
  m_GameObject: {fileID: 182470}
  m_LocalRotation: {x: -.676952004, y: .138562232, z: .708184063, w: -.144955054}
  m_LocalPosition: {x: -.0223968104, y: 1.71454617e-09, z: -9.61461258e-11}
  m_LocalScale: {x: 1, y: .999999762, z: .999999821}
  m_Children:
  - {fileID: 417368}
  m_Father: {fileID: 422496}
  m_RootOrder: 4
--- !u!4 &484474
Transform:
  m_ObjectHideFlags: 1
  m_PrefabParentObject: {fileID: 0}
  m_PrefabInternal: {fileID: 100100000}
  m_GameObject: {fileID: 139706}
  m_LocalRotation: {x: -.00368762575, y: -.25987643, z: -.0137013737, w: .965537667}
  m_LocalPosition: {x: -.0202141702, y: 1.52698643e-09, z: 4.81894413e-10}
  m_LocalScale: {x: 1, y: .99999994, z: .999999762}
  m_Children: []
  m_Father: {fileID: 482416}
  m_RootOrder: 0
--- !u!4 &485756
Transform:
  m_ObjectHideFlags: 1
  m_PrefabParentObject: {fileID: 0}
  m_PrefabInternal: {fileID: 100100000}
  m_GameObject: {fileID: 103378}
  m_LocalRotation: {x: -.460833997, y: -.51487422, z: .48209548, w: .538628459}
  m_LocalPosition: {x: -.0223968104, y: 1.71454617e-09, z: -9.61461258e-11}
  m_LocalScale: {x: .999999881, y: .999999821, z: .99999994}
  m_Children:
  - {fileID: 441592}
  m_Father: {fileID: 422496}
  m_RootOrder: 2
--- !u!4 &485954
Transform:
  m_ObjectHideFlags: 1
  m_PrefabParentObject: {fileID: 0}
  m_PrefabInternal: {fileID: 100100000}
  m_GameObject: {fileID: 189134}
  m_LocalRotation: {x: 0, y: 0, z: 0, w: 1}
  m_LocalPosition: {x: 0, y: 0, z: 0}
  m_LocalScale: {x: 1, y: 1, z: 1}
  m_Children: []
  m_Father: {fileID: 471634}
  m_RootOrder: 1
--- !u!4 &486742
Transform:
  m_ObjectHideFlags: 1
  m_PrefabParentObject: {fileID: 0}
  m_PrefabInternal: {fileID: 100100000}
  m_GameObject: {fileID: 128872}
  m_LocalRotation: {x: -.398528129, y: -.567330956, z: .598058641, w: -.402040899}
  m_LocalPosition: {x: -2.36550021, y: 1.3315419, z: 2.97801352}
  m_LocalScale: {x: 1.3226589, y: 1.32265675, z: 1.32265747}
  m_Children: []
  m_Father: {fileID: 450670}
  m_RootOrder: 10
--- !u!4 &489510
Transform:
  m_ObjectHideFlags: 1
  m_PrefabParentObject: {fileID: 0}
  m_PrefabInternal: {fileID: 100100000}
  m_GameObject: {fileID: 147408}
  m_LocalRotation: {x: -.238671005, y: -.0165184662, z: .0331948996, w: .970392406}
  m_LocalPosition: {x: 1.03240967, y: 1.78089094, z: -7.29421234}
  m_LocalScale: {x: 1, y: 1, z: 1}
  m_Children:
  - {fileID: 463904}
  - {fileID: 452444}
  m_Father: {fileID: 450670}
  m_RootOrder: 3
--- !u!4 &493030
Transform:
  m_ObjectHideFlags: 1
  m_PrefabParentObject: {fileID: 0}
  m_PrefabInternal: {fileID: 100100000}
  m_GameObject: {fileID: 106316}
  m_LocalRotation: {x: -.00166736613, y: -.265446872, z: -.00605605636, w: .96410501}
  m_LocalPosition: {x: -.0204870999, y: 1.51823198e-09, z: 2.30943686e-09}
  m_LocalScale: {x: .999999881, y: 1, z: .999999881}
  m_Children: []
  m_Father: {fileID: 467802}
  m_RootOrder: 0
--- !u!4 &493514
Transform:
  m_ObjectHideFlags: 1
  m_PrefabParentObject: {fileID: 0}
  m_PrefabInternal: {fileID: 100100000}
  m_GameObject: {fileID: 196134}
  m_LocalRotation: {x: -.000528455887, y: .0815582201, z: -.00646067085, w: .996647477}
  m_LocalPosition: {x: -.0205255933, y: 1.54963919e-09, z: 0}
  m_LocalScale: {x: 1.00000012, y: .999999762, z: .99999994}
  m_Children:
  - {fileID: 422496}
  m_Father: {fileID: 458654}
  m_RootOrder: 0
--- !u!4 &493628
Transform:
  m_ObjectHideFlags: 1
  m_PrefabParentObject: {fileID: 0}
  m_PrefabInternal: {fileID: 100100000}
  m_GameObject: {fileID: 185558}
  m_LocalRotation: {x: -.00166736613, y: -.265446872, z: -.00605605636, w: .96410501}
  m_LocalPosition: {x: -.0204870999, y: 1.51823198e-09, z: 2.30943686e-09}
  m_LocalScale: {x: .999999881, y: 1, z: .999999881}
  m_Children: []
  m_Father: {fileID: 472900}
  m_RootOrder: 0
--- !u!4 &494448
Transform:
  m_ObjectHideFlags: 1
  m_PrefabParentObject: {fileID: 0}
  m_PrefabInternal: {fileID: 100100000}
  m_GameObject: {fileID: 132754}
  m_LocalRotation: {x: .999033451, y: .00647604279, z: -.0434755273, w: .000282253663}
  m_LocalPosition: {x: -.0241069477, y: 1.91037541e-09, z: 3.02794262e-10}
  m_LocalScale: {x: 1, y: .99999994, z: .99999994}
  m_Children:
  - {fileID: 467802}
  - {fileID: 400292}
  - {fileID: 480688}
  - {fileID: 478234}
  - {fileID: 452960}
  - {fileID: 456800}
  m_Father: {fileID: 453148}
  m_RootOrder: 0
--- !u!4 &498216
Transform:
  m_ObjectHideFlags: 1
  m_PrefabParentObject: {fileID: 0}
  m_PrefabInternal: {fileID: 100100000}
  m_GameObject: {fileID: 107576}
  m_LocalRotation: {x: .00723644905, y: -.28506735, z: .0243230835, w: .958171487}
  m_LocalPosition: {x: -.0176144913, y: 1.49870627e-09, z: -2.73704193e-09}
  m_LocalScale: {x: 1, y: 1, z: 1}
  m_Children: []
  m_Father: {fileID: 474436}
  m_RootOrder: 0
--- !u!4 &498350
Transform:
  m_ObjectHideFlags: 1
  m_PrefabParentObject: {fileID: 0}
  m_PrefabInternal: {fileID: 100100000}
  m_GameObject: {fileID: 162456}
  m_LocalRotation: {x: -.314457446, y: .282357454, z: .644742548, w: -.636944175}
  m_LocalPosition: {x: -5.9179287, y: 7.36516476, z: 5.36457968}
  m_LocalScale: {x: 2.07507443, y: 1.32265782, z: 1.32265663}
  m_Children: []
  m_Father: {fileID: 450670}
  m_RootOrder: 7
--- !u!23 &2317368
MeshRenderer:
  m_ObjectHideFlags: 1
  m_PrefabParentObject: {fileID: 0}
  m_PrefabInternal: {fileID: 100100000}
  m_GameObject: {fileID: 110326}
  m_Enabled: 1
  m_CastShadows: 1
  m_ReceiveShadows: 1
  m_Materials:
  - {fileID: 2100000, guid: 03cf851a2c026f1448eb44c6ba1d1564, type: 2}
  m_SubsetIndices: 
  m_StaticBatchRoot: {fileID: 0}
  m_UseLightProbes: 1
  m_ReflectionProbeUsage: 1
  m_ProbeAnchor: {fileID: 0}
  m_ScaleInLightmap: 1
  m_PreserveUVs: 0
  m_ImportantGI: 0
  m_AutoUVMaxDistance: .5
  m_AutoUVMaxAngle: 89
  m_LightmapParameters: {fileID: 0}
  m_SortingLayerID: 0
  m_SortingOrder: 0
--- !u!23 &2331458
MeshRenderer:
  m_ObjectHideFlags: 1
  m_PrefabParentObject: {fileID: 0}
  m_PrefabInternal: {fileID: 100100000}
  m_GameObject: {fileID: 149974}
  m_Enabled: 1
  m_CastShadows: 1
  m_ReceiveShadows: 0
  m_Materials:
  - {fileID: 2100000, guid: c3d0b703651fb1646a61562658f9b212, type: 2}
  m_SubsetIndices: 
  m_StaticBatchRoot: {fileID: 0}
  m_UseLightProbes: 0
  m_ReflectionProbeUsage: 1
  m_ProbeAnchor: {fileID: 0}
  m_ScaleInLightmap: 1
  m_PreserveUVs: 0
  m_ImportantGI: 0
  m_AutoUVMaxDistance: .5
  m_AutoUVMaxAngle: 89
  m_LightmapParameters: {fileID: 0}
  m_SortingLayerID: 0
  m_SortingOrder: 0
--- !u!23 &2332000
MeshRenderer:
  m_ObjectHideFlags: 1
  m_PrefabParentObject: {fileID: 0}
  m_PrefabInternal: {fileID: 100100000}
  m_GameObject: {fileID: 101318}
  m_Enabled: 1
  m_CastShadows: 1
  m_ReceiveShadows: 1
  m_Materials:
  - {fileID: 2100000, guid: 03cf851a2c026f1448eb44c6ba1d1564, type: 2}
  m_SubsetIndices: 
  m_StaticBatchRoot: {fileID: 0}
  m_UseLightProbes: 1
  m_ReflectionProbeUsage: 1
  m_ProbeAnchor: {fileID: 0}
  m_ScaleInLightmap: 1
  m_PreserveUVs: 0
  m_ImportantGI: 0
  m_AutoUVMaxDistance: .5
  m_AutoUVMaxAngle: 89
  m_LightmapParameters: {fileID: 0}
  m_SortingLayerID: 0
  m_SortingOrder: 0
--- !u!23 &2334250
MeshRenderer:
  m_ObjectHideFlags: 1
  m_PrefabParentObject: {fileID: 0}
  m_PrefabInternal: {fileID: 100100000}
  m_GameObject: {fileID: 128872}
  m_Enabled: 1
  m_CastShadows: 1
  m_ReceiveShadows: 1
  m_Materials:
  - {fileID: 2100000, guid: 03cf851a2c026f1448eb44c6ba1d1564, type: 2}
  m_SubsetIndices: 
  m_StaticBatchRoot: {fileID: 0}
  m_UseLightProbes: 1
  m_ReflectionProbeUsage: 1
  m_ProbeAnchor: {fileID: 0}
  m_ScaleInLightmap: 1
  m_PreserveUVs: 0
  m_ImportantGI: 0
  m_AutoUVMaxDistance: .5
  m_AutoUVMaxAngle: 89
  m_LightmapParameters: {fileID: 0}
  m_SortingLayerID: 0
  m_SortingOrder: 0
--- !u!23 &2337220
MeshRenderer:
  m_ObjectHideFlags: 1
  m_PrefabParentObject: {fileID: 0}
  m_PrefabInternal: {fileID: 100100000}
  m_GameObject: {fileID: 161134}
  m_Enabled: 1
  m_CastShadows: 1
  m_ReceiveShadows: 1
  m_Materials:
  - {fileID: 2100000, guid: 6f164fb9a817044c7915acab6c7c0979, type: 2}
  m_SubsetIndices: 
  m_StaticBatchRoot: {fileID: 0}
  m_UseLightProbes: 0
  m_ReflectionProbeUsage: 1
  m_ProbeAnchor: {fileID: 0}
  m_ScaleInLightmap: 1
  m_PreserveUVs: 0
  m_ImportantGI: 0
  m_AutoUVMaxDistance: .5
  m_AutoUVMaxAngle: 89
  m_LightmapParameters: {fileID: 0}
  m_SortingLayerID: 0
  m_SortingOrder: 0
--- !u!23 &2376470
MeshRenderer:
  m_ObjectHideFlags: 1
  m_PrefabParentObject: {fileID: 0}
  m_PrefabInternal: {fileID: 100100000}
  m_GameObject: {fileID: 163608}
  m_Enabled: 1
  m_CastShadows: 1
  m_ReceiveShadows: 1
  m_Materials:
  - {fileID: 2100000, guid: 03cf851a2c026f1448eb44c6ba1d1564, type: 2}
  m_SubsetIndices: 
  m_StaticBatchRoot: {fileID: 0}
  m_UseLightProbes: 1
  m_ReflectionProbeUsage: 1
  m_ProbeAnchor: {fileID: 0}
  m_ScaleInLightmap: 1
  m_PreserveUVs: 0
  m_ImportantGI: 0
  m_AutoUVMaxDistance: .5
  m_AutoUVMaxAngle: 89
  m_LightmapParameters: {fileID: 0}
  m_SortingLayerID: 0
  m_SortingOrder: 0
--- !u!23 &2386690
MeshRenderer:
  m_ObjectHideFlags: 1
  m_PrefabParentObject: {fileID: 0}
  m_PrefabInternal: {fileID: 100100000}
  m_GameObject: {fileID: 162456}
  m_Enabled: 1
  m_CastShadows: 1
  m_ReceiveShadows: 1
  m_Materials:
  - {fileID: 2100000, guid: 03cf851a2c026f1448eb44c6ba1d1564, type: 2}
  m_SubsetIndices: 
  m_StaticBatchRoot: {fileID: 0}
  m_UseLightProbes: 1
  m_ReflectionProbeUsage: 1
  m_ProbeAnchor: {fileID: 0}
  m_ScaleInLightmap: 1
  m_PreserveUVs: 0
  m_ImportantGI: 0
  m_AutoUVMaxDistance: .5
  m_AutoUVMaxAngle: 89
  m_LightmapParameters: {fileID: 0}
  m_SortingLayerID: 0
  m_SortingOrder: 0
--- !u!23 &2399826
MeshRenderer:
  m_ObjectHideFlags: 1
  m_PrefabParentObject: {fileID: 0}
  m_PrefabInternal: {fileID: 100100000}
  m_GameObject: {fileID: 102380}
  m_Enabled: 1
  m_CastShadows: 1
  m_ReceiveShadows: 1
  m_Materials:
  - {fileID: 2100000, guid: 03cf851a2c026f1448eb44c6ba1d1564, type: 2}
  m_SubsetIndices: 
  m_StaticBatchRoot: {fileID: 0}
  m_UseLightProbes: 1
  m_ReflectionProbeUsage: 1
  m_ProbeAnchor: {fileID: 0}
  m_ScaleInLightmap: 1
  m_PreserveUVs: 0
  m_ImportantGI: 0
  m_AutoUVMaxDistance: .5
  m_AutoUVMaxAngle: 89
  m_LightmapParameters: {fileID: 0}
  m_SortingLayerID: 0
  m_SortingOrder: 0
--- !u!33 &3310274
MeshFilter:
  m_ObjectHideFlags: 1
  m_PrefabParentObject: {fileID: 0}
  m_PrefabInternal: {fileID: 100100000}
  m_GameObject: {fileID: 163608}
  m_Mesh: {fileID: 4300000, guid: 22bbbfa5d9fab954bab393bd3a0350fe, type: 3}
--- !u!33 &3328016
MeshFilter:
  m_ObjectHideFlags: 1
  m_PrefabParentObject: {fileID: 0}
  m_PrefabInternal: {fileID: 100100000}
  m_GameObject: {fileID: 128872}
  m_Mesh: {fileID: 4300008, guid: 22bbbfa5d9fab954bab393bd3a0350fe, type: 3}
--- !u!33 &3346428
MeshFilter:
  m_ObjectHideFlags: 1
  m_PrefabParentObject: {fileID: 0}
  m_PrefabInternal: {fileID: 100100000}
  m_GameObject: {fileID: 110326}
  m_Mesh: {fileID: 4300008, guid: 22bbbfa5d9fab954bab393bd3a0350fe, type: 3}
--- !u!33 &3366134
MeshFilter:
  m_ObjectHideFlags: 1
  m_PrefabParentObject: {fileID: 0}
  m_PrefabInternal: {fileID: 100100000}
  m_GameObject: {fileID: 102380}
  m_Mesh: {fileID: 4300000, guid: 22bbbfa5d9fab954bab393bd3a0350fe, type: 3}
--- !u!33 &3366258
MeshFilter:
  m_ObjectHideFlags: 1
  m_PrefabParentObject: {fileID: 0}
  m_PrefabInternal: {fileID: 100100000}
  m_GameObject: {fileID: 162456}
  m_Mesh: {fileID: 4300008, guid: 22bbbfa5d9fab954bab393bd3a0350fe, type: 3}
--- !u!33 &3379132
MeshFilter:
  m_ObjectHideFlags: 1
  m_PrefabParentObject: {fileID: 0}
  m_PrefabInternal: {fileID: 100100000}
  m_GameObject: {fileID: 161134}
  m_Mesh: {fileID: 4300008, guid: 9ba57f3cb3e9c4bb4a022ecf298b38b1, type: 3}
--- !u!33 &3394450
MeshFilter:
  m_ObjectHideFlags: 1
  m_PrefabParentObject: {fileID: 0}
  m_PrefabInternal: {fileID: 100100000}
  m_GameObject: {fileID: 149974}
  m_Mesh: {fileID: 4300002, guid: d8c617cfacab1ca48a675b8a826a7e81, type: 3}
--- !u!33 &3396406
MeshFilter:
  m_ObjectHideFlags: 1
  m_PrefabParentObject: {fileID: 0}
  m_PrefabInternal: {fileID: 100100000}
  m_GameObject: {fileID: 101318}
  m_Mesh: {fileID: 4300000, guid: 22bbbfa5d9fab954bab393bd3a0350fe, type: 3}
--- !u!64 &6453856
MeshCollider:
  m_ObjectHideFlags: 1
  m_PrefabParentObject: {fileID: 0}
  m_PrefabInternal: {fileID: 100100000}
  m_GameObject: {fileID: 149974}
  m_Material: {fileID: 0}
  m_IsTrigger: 0
  m_Enabled: 1
  serializedVersion: 2
  m_Convex: 0
  m_Mesh: {fileID: 4300000, guid: 8fe58d6640275844a9fcc75d1a35f031, type: 3}
--- !u!95 &9510076
Animator:
  serializedVersion: 3
  m_ObjectHideFlags: 1
  m_PrefabParentObject: {fileID: 0}
  m_PrefabInternal: {fileID: 100100000}
  m_GameObject: {fileID: 113278}
  m_Enabled: 1
  m_Avatar: {fileID: 9000000, guid: 36b840c3ef8ee4bbc97768d25f0a42b3, type: 3}
  m_Controller: {fileID: 9100000, guid: 1cc65a3ea6fb74b0ab454991e19d24d3, type: 2}
  m_CullingMode: 1
  m_UpdateMode: 0
  m_ApplyRootMotion: 0
  m_LinearVelocityBlending: 0
  m_WarningMessage: 
  m_HasTransformHierarchy: 1
  m_AllowConstantClipSamplingOptimization: 1
--- !u!95 &9519346
Animator:
  serializedVersion: 3
  m_ObjectHideFlags: 1
  m_PrefabParentObject: {fileID: 0}
  m_PrefabInternal: {fileID: 100100000}
  m_GameObject: {fileID: 111650}
  m_Enabled: 1
  m_Avatar: {fileID: 9000000, guid: f9dd222c1ba784900abbd0a634558be4, type: 3}
  m_Controller: {fileID: 9100000, guid: 7690458c193ea4291931a54f2c836f21, type: 2}
  m_CullingMode: 1
  m_UpdateMode: 0
  m_ApplyRootMotion: 1
  m_LinearVelocityBlending: 0
  m_WarningMessage: 
  m_HasTransformHierarchy: 1
  m_AllowConstantClipSamplingOptimization: 1
--- !u!95 &9519956
Animator:
  serializedVersion: 3
  m_ObjectHideFlags: 1
  m_PrefabParentObject: {fileID: 0}
  m_PrefabInternal: {fileID: 100100000}
  m_GameObject: {fileID: 128282}
  m_Enabled: 1
  m_Avatar: {fileID: 9000000, guid: 36b840c3ef8ee4bbc97768d25f0a42b3, type: 3}
  m_Controller: {fileID: 9100000, guid: 1cc65a3ea6fb74b0ab454991e19d24d3, type: 2}
  m_CullingMode: 1
  m_UpdateMode: 0
  m_ApplyRootMotion: 0
  m_LinearVelocityBlending: 0
  m_WarningMessage: 
  m_HasTransformHierarchy: 1
  m_AllowConstantClipSamplingOptimization: 1
--- !u!95 &9529124
Animator:
  serializedVersion: 3
  m_ObjectHideFlags: 1
  m_PrefabParentObject: {fileID: 0}
  m_PrefabInternal: {fileID: 100100000}
  m_GameObject: {fileID: 132034}
  m_Enabled: 1
  m_Avatar: {fileID: 9000000, guid: 36b840c3ef8ee4bbc97768d25f0a42b3, type: 3}
  m_Controller: {fileID: 9100000, guid: 1cc65a3ea6fb74b0ab454991e19d24d3, type: 2}
  m_CullingMode: 1
  m_UpdateMode: 0
  m_ApplyRootMotion: 0
  m_LinearVelocityBlending: 0
  m_WarningMessage: 
  m_HasTransformHierarchy: 1
  m_AllowConstantClipSamplingOptimization: 1
--- !u!95 &9539526
Animator:
  serializedVersion: 3
  m_ObjectHideFlags: 1
  m_PrefabParentObject: {fileID: 0}
  m_PrefabInternal: {fileID: 100100000}
  m_GameObject: {fileID: 147408}
  m_Enabled: 1
  m_Avatar: {fileID: 9000000, guid: f9dd222c1ba784900abbd0a634558be4, type: 3}
  m_Controller: {fileID: 9100000, guid: 7690458c193ea4291931a54f2c836f21, type: 2}
  m_CullingMode: 1
  m_UpdateMode: 0
  m_ApplyRootMotion: 1
  m_LinearVelocityBlending: 0
  m_WarningMessage: 
  m_HasTransformHierarchy: 1
  m_AllowConstantClipSamplingOptimization: 1
--- !u!95 &9545466
Animator:
  serializedVersion: 3
  m_ObjectHideFlags: 1
  m_PrefabParentObject: {fileID: 0}
  m_PrefabInternal: {fileID: 100100000}
  m_GameObject: {fileID: 171014}
  m_Enabled: 1
  m_Avatar: {fileID: 9000000, guid: f9dd222c1ba784900abbd0a634558be4, type: 3}
  m_Controller: {fileID: 9100000, guid: 7690458c193ea4291931a54f2c836f21, type: 2}
  m_CullingMode: 1
  m_UpdateMode: 0
  m_ApplyRootMotion: 1
  m_LinearVelocityBlending: 0
  m_WarningMessage: 
  m_HasTransformHierarchy: 1
  m_AllowConstantClipSamplingOptimization: 1
--- !u!137 &13701718
SkinnedMeshRenderer:
  m_ObjectHideFlags: 1
  m_PrefabParentObject: {fileID: 0}
  m_PrefabInternal: {fileID: 100100000}
  m_GameObject: {fileID: 122464}
  m_Enabled: 1
  m_CastShadows: 1
  m_ReceiveShadows: 1
  m_Materials:
  - {fileID: 2100000, guid: 4f810e9d49c724683ba786e982267086, type: 2}
  m_SubsetIndices: 
  m_StaticBatchRoot: {fileID: 0}
  m_UseLightProbes: 0
  m_ReflectionProbeUsage: 1
  m_ProbeAnchor: {fileID: 0}
  m_ScaleInLightmap: 1
  m_PreserveUVs: 0
  m_ImportantGI: 0
  m_AutoUVMaxDistance: .5
  m_AutoUVMaxAngle: 89
  m_LightmapParameters: {fileID: 0}
  m_SortingLayerID: 0
  m_SortingOrder: 0
  serializedVersion: 2
  m_Quality: 0
  m_UpdateWhenOffscreen: 0
  m_Mesh: {fileID: 4300002, guid: f9dd222c1ba784900abbd0a634558be4, type: 3}
  m_Bones:
  - {fileID: 472962}
  - {fileID: 443040}
  m_BlendShapeWeights: []
  m_RootBone: {fileID: 472962}
  m_AABB:
    m_Center: {x: -.0958359092, y: .0080352705, z: .0106804874}
    m_Extent: {x: .10641104, y: .0684611723, z: .0618005693}
  m_DirtyAABB: 0
--- !u!137 &13720146
SkinnedMeshRenderer:
  m_ObjectHideFlags: 1
  m_PrefabParentObject: {fileID: 0}
  m_PrefabInternal: {fileID: 100100000}
  m_GameObject: {fileID: 188530}
  m_Enabled: 1
  m_CastShadows: 1
  m_ReceiveShadows: 1
  m_Materials:
  - {fileID: 2100000, guid: 2526d6179777541d59365cd8337a9771, type: 2}
  m_SubsetIndices: 
  m_StaticBatchRoot: {fileID: 0}
  m_UseLightProbes: 1
  m_ReflectionProbeUsage: 1
  m_ProbeAnchor: {fileID: 0}
  m_ScaleInLightmap: 1
  m_PreserveUVs: 0
  m_ImportantGI: 0
  m_AutoUVMaxDistance: .5
  m_AutoUVMaxAngle: 89
  m_LightmapParameters: {fileID: 0}
  m_SortingLayerID: 0
  m_SortingOrder: 0
  serializedVersion: 2
  m_Quality: 0
  m_UpdateWhenOffscreen: 0
  m_Mesh: {fileID: 4300000, guid: 36b840c3ef8ee4bbc97768d25f0a42b3, type: 3}
  m_Bones:
  - {fileID: 435888}
  - {fileID: 447778}
  - {fileID: 407936}
  - {fileID: 472900}
  - {fileID: 493628}
  - {fileID: 436314}
  - {fileID: 422262}
  - {fileID: 404392}
  - {fileID: 452154}
  - {fileID: 421892}
  - {fileID: 459220}
  - {fileID: 415812}
  - {fileID: 469634}
  - {fileID: 456378}
  - {fileID: 411094}
  m_BlendShapeWeights: []
  m_RootBone: {fileID: 435888}
  m_AABB:
    m_Center: {x: -.0394591913, y: -.000948956236, z: .0114910882}
    m_Extent: {x: .0412352756, y: .0427502543, z: .0443684459}
  m_DirtyAABB: 0
--- !u!137 &13722892
SkinnedMeshRenderer:
  m_ObjectHideFlags: 1
  m_PrefabParentObject: {fileID: 0}
  m_PrefabInternal: {fileID: 100100000}
  m_GameObject: {fileID: 161068}
  m_Enabled: 1
  m_CastShadows: 1
  m_ReceiveShadows: 1
  m_Materials:
  - {fileID: 2100000, guid: 4f810e9d49c724683ba786e982267086, type: 2}
  m_SubsetIndices: 
  m_StaticBatchRoot: {fileID: 0}
  m_UseLightProbes: 0
  m_ReflectionProbeUsage: 1
  m_ProbeAnchor: {fileID: 0}
  m_ScaleInLightmap: 1
  m_PreserveUVs: 0
  m_ImportantGI: 0
  m_AutoUVMaxDistance: .5
  m_AutoUVMaxAngle: 89
  m_LightmapParameters: {fileID: 0}
  m_SortingLayerID: 0
  m_SortingOrder: 0
  serializedVersion: 2
  m_Quality: 0
  m_UpdateWhenOffscreen: 0
  m_Mesh: {fileID: 4300002, guid: f9dd222c1ba784900abbd0a634558be4, type: 3}
  m_Bones:
  - {fileID: 407640}
  - {fileID: 444844}
  m_BlendShapeWeights: []
  m_RootBone: {fileID: 407640}
  m_AABB:
    m_Center: {x: -.0958359092, y: .0080352705, z: .0106804874}
    m_Extent: {x: .10641104, y: .0684611723, z: .0618005693}
  m_DirtyAABB: 0
--- !u!137 &13741998
SkinnedMeshRenderer:
  m_ObjectHideFlags: 1
  m_PrefabParentObject: {fileID: 0}
  m_PrefabInternal: {fileID: 100100000}
  m_GameObject: {fileID: 189134}
  m_Enabled: 1
  m_CastShadows: 1
  m_ReceiveShadows: 1
  m_Materials:
  - {fileID: 2100000, guid: 2526d6179777541d59365cd8337a9771, type: 2}
  m_SubsetIndices: 
  m_StaticBatchRoot: {fileID: 0}
  m_UseLightProbes: 1
  m_ReflectionProbeUsage: 1
  m_ProbeAnchor: {fileID: 0}
  m_ScaleInLightmap: 1
  m_PreserveUVs: 0
  m_ImportantGI: 0
  m_AutoUVMaxDistance: .5
  m_AutoUVMaxAngle: 89
  m_LightmapParameters: {fileID: 0}
  m_SortingLayerID: 0
  m_SortingOrder: 0
  serializedVersion: 2
  m_Quality: 0
  m_UpdateWhenOffscreen: 0
  m_Mesh: {fileID: 4300000, guid: 36b840c3ef8ee4bbc97768d25f0a42b3, type: 3}
  m_Bones:
  - {fileID: 411592}
  - {fileID: 453148}
  - {fileID: 494448}
  - {fileID: 467802}
  - {fileID: 493030}
  - {fileID: 400292}
  - {fileID: 412782}
  - {fileID: 480688}
  - {fileID: 450212}
  - {fileID: 478234}
  - {fileID: 430668}
  - {fileID: 452960}
  - {fileID: 410624}
  - {fileID: 456800}
  - {fileID: 401910}
  m_BlendShapeWeights: []
  m_RootBone: {fileID: 411592}
  m_AABB:
    m_Center: {x: -.0394591913, y: -.000948956236, z: .0114910882}
    m_Extent: {x: .0412352756, y: .0427502543, z: .0443684459}
  m_DirtyAABB: 0
--- !u!137 &13751944
SkinnedMeshRenderer:
  m_ObjectHideFlags: 1
  m_PrefabParentObject: {fileID: 0}
  m_PrefabInternal: {fileID: 100100000}
  m_GameObject: {fileID: 113710}
  m_Enabled: 1
  m_CastShadows: 1
  m_ReceiveShadows: 1
  m_Materials:
  - {fileID: 2100000, guid: 2526d6179777541d59365cd8337a9771, type: 2}
  m_SubsetIndices: 
  m_StaticBatchRoot: {fileID: 0}
  m_UseLightProbes: 1
  m_ReflectionProbeUsage: 1
  m_ProbeAnchor: {fileID: 0}
  m_ScaleInLightmap: 1
  m_PreserveUVs: 0
  m_ImportantGI: 0
  m_AutoUVMaxDistance: .5
  m_AutoUVMaxAngle: 89
  m_LightmapParameters: {fileID: 0}
  m_SortingLayerID: 0
  m_SortingOrder: 0
  serializedVersion: 2
  m_Quality: 0
  m_UpdateWhenOffscreen: 0
  m_Mesh: {fileID: 4300000, guid: 36b840c3ef8ee4bbc97768d25f0a42b3, type: 3}
  m_Bones:
  - {fileID: 458654}
  - {fileID: 493514}
  - {fileID: 422496}
  - {fileID: 429960}
  - {fileID: 436424}
  - {fileID: 438536}
  - {fileID: 404174}
  - {fileID: 485756}
  - {fileID: 441592}
  - {fileID: 474436}
  - {fileID: 498216}
  - {fileID: 484238}
  - {fileID: 417368}
  - {fileID: 482416}
  - {fileID: 484474}
  m_BlendShapeWeights: []
  m_RootBone: {fileID: 458654}
  m_AABB:
    m_Center: {x: -.0394591913, y: -.000948956236, z: .0114910882}
    m_Extent: {x: .0412352756, y: .0427502543, z: .0443684459}
  m_DirtyAABB: 0
--- !u!137 &13777066
SkinnedMeshRenderer:
  m_ObjectHideFlags: 1
  m_PrefabParentObject: {fileID: 0}
  m_PrefabInternal: {fileID: 100100000}
  m_GameObject: {fileID: 133002}
  m_Enabled: 1
  m_CastShadows: 1
  m_ReceiveShadows: 1
  m_Materials:
  - {fileID: 2100000, guid: 4f810e9d49c724683ba786e982267086, type: 2}
  m_SubsetIndices: 
  m_StaticBatchRoot: {fileID: 0}
  m_UseLightProbes: 0
  m_ReflectionProbeUsage: 1
  m_ProbeAnchor: {fileID: 0}
  m_ScaleInLightmap: 1
  m_PreserveUVs: 0
  m_ImportantGI: 0
  m_AutoUVMaxDistance: .5
  m_AutoUVMaxAngle: 89
  m_LightmapParameters: {fileID: 0}
  m_SortingLayerID: 0
  m_SortingOrder: 0
  serializedVersion: 2
  m_Quality: 0
  m_UpdateWhenOffscreen: 0
  m_Mesh: {fileID: 4300002, guid: f9dd222c1ba784900abbd0a634558be4, type: 3}
  m_Bones:
  - {fileID: 460884}
  - {fileID: 405164}
  m_BlendShapeWeights: []
  m_RootBone: {fileID: 460884}
  m_AABB:
    m_Center: {x: -.0958359092, y: .0080352705, z: .0106804874}
    m_Extent: {x: .10641104, y: .0684611723, z: .0618005693}
  m_DirtyAABB: 0
--- !u!1001 &100100000
Prefab:
  m_ObjectHideFlags: 1
  serializedVersion: 2
  m_Modification:
    m_TransformParent: {fileID: 0}
    m_Modifications: []
    m_RemovedComponents: []
  m_ParentPrefab: {fileID: 0}
  m_RootGameObject: {fileID: 181072}
  m_IsPrefabParent: 1
