%YAML 1.1
%TAG !u! tag:unity3d.com,2011:
--- !u!1 &100006
GameObject:
  m_ObjectHideFlags: 0
  m_PrefabParentObject: {fileID: 0}
  m_PrefabInternal: {fileID: 100100000}
  serializedVersion: 4
  m_Component:
  - 4: {fileID: 400006}
  - 33: {fileID: 3300002}
  - 23: {fileID: 2300002}
  m_Layer: 0
  m_Name: Island1
  m_TagString: Untagged
  m_Icon: {fileID: 0}
  m_NavMeshLayer: 0
  m_StaticEditorFlags: 0
  m_IsActive: 1
--- !u!1 &100046
GameObject:
  m_ObjectHideFlags: 0
  m_PrefabParentObject: {fileID: 0}
  m_PrefabInternal: {fileID: 100100000}
  serializedVersion: 4
  m_Component:
  - 4: {fileID: 400046}
  m_Layer: 0
  m_Name: Island3
  m_TagString: Untagged
  m_Icon: {fileID: 0}
  m_NavMeshLayer: 0
  m_StaticEditorFlags: 0
  m_IsActive: 1
--- !u!1 &101832
GameObject:
  m_ObjectHideFlags: 1
  m_PrefabParentObject: {fileID: 0}
  m_PrefabInternal: {fileID: 100100000}
  serializedVersion: 4
  m_Component:
  - 4: {fileID: 499784}
  m_Layer: 0
  m_Name: Armature
  m_TagString: Untagged
  m_Icon: {fileID: 0}
  m_NavMeshLayer: 0
  m_StaticEditorFlags: 0
  m_IsActive: 1
--- !u!1 &102812
GameObject:
  m_ObjectHideFlags: 1
  m_PrefabParentObject: {fileID: 0}
  m_PrefabInternal: {fileID: 100100000}
  serializedVersion: 4
  m_Component:
  - 4: {fileID: 412580}
  m_Layer: 0
  m_Name: Bone_005
  m_TagString: Untagged
  m_Icon: {fileID: 0}
  m_NavMeshLayer: 0
  m_StaticEditorFlags: 0
  m_IsActive: 1
--- !u!1 &105626
GameObject:
  m_ObjectHideFlags: 1
  m_PrefabParentObject: {fileID: 0}
  m_PrefabInternal: {fileID: 100100000}
  serializedVersion: 4
  m_Component:
  - 4: {fileID: 477770}
  m_Layer: 0
  m_Name: Bone_008
  m_TagString: Untagged
  m_Icon: {fileID: 0}
  m_NavMeshLayer: 0
  m_StaticEditorFlags: 0
  m_IsActive: 1
--- !u!1 &106522
GameObject:
  m_ObjectHideFlags: 1
  m_PrefabParentObject: {fileID: 0}
  m_PrefabInternal: {fileID: 100100000}
  serializedVersion: 4
  m_Component:
  - 4: {fileID: 481756}
  m_Layer: 0
  m_Name: Bone_010
  m_TagString: Untagged
  m_Icon: {fileID: 0}
  m_NavMeshLayer: 0
  m_StaticEditorFlags: 0
  m_IsActive: 1
--- !u!1 &107870
GameObject:
  m_ObjectHideFlags: 1
  m_PrefabParentObject: {fileID: 0}
  m_PrefabInternal: {fileID: 100100000}
  serializedVersion: 4
  m_Component:
  - 4: {fileID: 406820}
  - 137: {fileID: 13724692}
  m_Layer: 0
  m_Name: PalmTree
  m_TagString: Untagged
  m_Icon: {fileID: 0}
  m_NavMeshLayer: 0
  m_StaticEditorFlags: 0
  m_IsActive: 1
--- !u!1 &108694
GameObject:
  m_ObjectHideFlags: 1
  m_PrefabParentObject: {fileID: 0}
  m_PrefabInternal: {fileID: 100100000}
  serializedVersion: 4
  m_Component:
  - 4: {fileID: 478190}
  m_Layer: 0
  m_Name: Bone_001
  m_TagString: Untagged
  m_Icon: {fileID: 0}
  m_NavMeshLayer: 0
  m_StaticEditorFlags: 0
  m_IsActive: 1
--- !u!1 &108882
GameObject:
  m_ObjectHideFlags: 1
  m_PrefabParentObject: {fileID: 0}
  m_PrefabInternal: {fileID: 100100000}
  serializedVersion: 4
  m_Component:
  - 4: {fileID: 410804}
  m_Layer: 0
  m_Name: Bone_010
  m_TagString: Untagged
  m_Icon: {fileID: 0}
  m_NavMeshLayer: 0
  m_StaticEditorFlags: 0
  m_IsActive: 1
--- !u!1 &110660
GameObject:
  m_ObjectHideFlags: 1
  m_PrefabParentObject: {fileID: 0}
  m_PrefabInternal: {fileID: 100100000}
  serializedVersion: 4
  m_Component:
  - 4: {fileID: 462960}
  m_Layer: 0
  m_Name: Bone_005
  m_TagString: Untagged
  m_Icon: {fileID: 0}
  m_NavMeshLayer: 0
  m_StaticEditorFlags: 0
  m_IsActive: 1
--- !u!1 &113502
GameObject:
  m_ObjectHideFlags: 1
  m_PrefabParentObject: {fileID: 0}
  m_PrefabInternal: {fileID: 100100000}
  serializedVersion: 4
  m_Component:
  - 4: {fileID: 474576}
  m_Layer: 0
  m_Name: Bone_003
  m_TagString: Untagged
  m_Icon: {fileID: 0}
  m_NavMeshLayer: 0
  m_StaticEditorFlags: 0
  m_IsActive: 1
--- !u!1 &115984
GameObject:
  m_ObjectHideFlags: 1
  m_PrefabParentObject: {fileID: 0}
  m_PrefabInternal: {fileID: 100100000}
  serializedVersion: 4
  m_Component:
  - 4: {fileID: 428338}
  m_Layer: 0
  m_Name: Bone_002
  m_TagString: Untagged
  m_Icon: {fileID: 0}
  m_NavMeshLayer: 0
  m_StaticEditorFlags: 0
  m_IsActive: 1
--- !u!1 &121270
GameObject:
  m_ObjectHideFlags: 1
  m_PrefabParentObject: {fileID: 0}
  m_PrefabInternal: {fileID: 100100000}
  serializedVersion: 4
  m_Component:
  - 4: {fileID: 455064}
  m_Layer: 0
  m_Name: Bone_007
  m_TagString: Untagged
  m_Icon: {fileID: 0}
  m_NavMeshLayer: 0
  m_StaticEditorFlags: 0
  m_IsActive: 1
--- !u!1 &121932
GameObject:
  m_ObjectHideFlags: 0
  m_PrefabParentObject: {fileID: 0}
  m_PrefabInternal: {fileID: 100100000}
  serializedVersion: 4
  m_Component:
  - 4: {fileID: 433984}
  - 95: {fileID: 9587454}
  m_Layer: 0
  m_Name: PalmTree
  m_TagString: Untagged
  m_Icon: {fileID: 0}
  m_NavMeshLayer: 0
  m_StaticEditorFlags: 0
  m_IsActive: 1
--- !u!1 &125026
GameObject:
  m_ObjectHideFlags: 0
  m_PrefabParentObject: {fileID: 0}
  m_PrefabInternal: {fileID: 100100000}
  serializedVersion: 4
  m_Component:
  - 4: {fileID: 427670}
  - 95: {fileID: 9593390}
  m_Layer: 0
  m_Name: LenguaDeSuegra0 (2)
  m_TagString: Untagged
  m_Icon: {fileID: 0}
  m_NavMeshLayer: 0
  m_StaticEditorFlags: 0
  m_IsActive: 1
--- !u!1 &125804
GameObject:
  m_ObjectHideFlags: 1
  m_PrefabParentObject: {fileID: 0}
  m_PrefabInternal: {fileID: 100100000}
  serializedVersion: 4
  m_Component:
  - 4: {fileID: 449434}
  m_Layer: 0
  m_Name: Bone_014
  m_TagString: Untagged
  m_Icon: {fileID: 0}
  m_NavMeshLayer: 0
  m_StaticEditorFlags: 0
  m_IsActive: 1
--- !u!1 &128952
GameObject:
  m_ObjectHideFlags: 1
  m_PrefabParentObject: {fileID: 0}
  m_PrefabInternal: {fileID: 100100000}
  serializedVersion: 4
  m_Component:
  - 4: {fileID: 448992}
  m_Layer: 0
  m_Name: Bone_014
  m_TagString: Untagged
  m_Icon: {fileID: 0}
  m_NavMeshLayer: 0
  m_StaticEditorFlags: 0
  m_IsActive: 1
--- !u!1 &129520
GameObject:
  m_ObjectHideFlags: 1
  m_PrefabParentObject: {fileID: 0}
  m_PrefabInternal: {fileID: 100100000}
  serializedVersion: 4
  m_Component:
  - 4: {fileID: 432712}
  m_Layer: 0
  m_Name: Bone_012
  m_TagString: Untagged
  m_Icon: {fileID: 0}
  m_NavMeshLayer: 0
  m_StaticEditorFlags: 0
  m_IsActive: 1
--- !u!1 &131610
GameObject:
  m_ObjectHideFlags: 1
  m_PrefabParentObject: {fileID: 0}
  m_PrefabInternal: {fileID: 100100000}
  serializedVersion: 4
  m_Component:
  - 4: {fileID: 474964}
  m_Layer: 0
  m_Name: Bone_012
  m_TagString: Untagged
  m_Icon: {fileID: 0}
  m_NavMeshLayer: 0
  m_StaticEditorFlags: 0
  m_IsActive: 1
--- !u!1 &132144
GameObject:
  m_ObjectHideFlags: 1
  m_PrefabParentObject: {fileID: 0}
  m_PrefabInternal: {fileID: 100100000}
  serializedVersion: 4
  m_Component:
  - 4: {fileID: 468556}
  m_Layer: 0
  m_Name: Bone_011
  m_TagString: Untagged
  m_Icon: {fileID: 0}
  m_NavMeshLayer: 0
  m_StaticEditorFlags: 0
  m_IsActive: 1
--- !u!1 &135026
GameObject:
  m_ObjectHideFlags: 1
  m_PrefabParentObject: {fileID: 0}
  m_PrefabInternal: {fileID: 100100000}
  serializedVersion: 4
  m_Component:
  - 4: {fileID: 423066}
  m_Layer: 0
  m_Name: Bone_009
  m_TagString: Untagged
  m_Icon: {fileID: 0}
  m_NavMeshLayer: 0
  m_StaticEditorFlags: 0
  m_IsActive: 1
--- !u!1 &135694
GameObject:
  m_ObjectHideFlags: 1
  m_PrefabParentObject: {fileID: 0}
  m_PrefabInternal: {fileID: 100100000}
  serializedVersion: 4
  m_Component:
  - 4: {fileID: 464838}
  m_Layer: 0
  m_Name: Bone
  m_TagString: Untagged
  m_Icon: {fileID: 0}
  m_NavMeshLayer: 0
  m_StaticEditorFlags: 0
  m_IsActive: 1
--- !u!1 &137460
GameObject:
  m_ObjectHideFlags: 0
  m_PrefabParentObject: {fileID: 0}
  m_PrefabInternal: {fileID: 100100000}
  serializedVersion: 4
  m_Component:
  - 4: {fileID: 474082}
  - 33: {fileID: 3360428}
  - 23: {fileID: 2346150}
  m_Layer: 0
  m_Name: Stone1_
  m_TagString: Untagged
  m_Icon: {fileID: 0}
  m_NavMeshLayer: 0
  m_StaticEditorFlags: 0
  m_IsActive: 1
--- !u!1 &138646
GameObject:
  m_ObjectHideFlags: 1
  m_PrefabParentObject: {fileID: 0}
  m_PrefabInternal: {fileID: 100100000}
  serializedVersion: 4
  m_Component:
  - 4: {fileID: 490206}
  m_Layer: 0
  m_Name: Bone_012
  m_TagString: Untagged
  m_Icon: {fileID: 0}
  m_NavMeshLayer: 0
  m_StaticEditorFlags: 0
  m_IsActive: 1
--- !u!1 &139234
GameObject:
  m_ObjectHideFlags: 1
  m_PrefabParentObject: {fileID: 0}
  m_PrefabInternal: {fileID: 100100000}
  serializedVersion: 4
  m_Component:
  - 4: {fileID: 402348}
  m_Layer: 0
  m_Name: Bone
  m_TagString: Untagged
  m_Icon: {fileID: 0}
  m_NavMeshLayer: 0
  m_StaticEditorFlags: 0
  m_IsActive: 1
--- !u!1 &143852
GameObject:
  m_ObjectHideFlags: 1
  m_PrefabParentObject: {fileID: 0}
  m_PrefabInternal: {fileID: 100100000}
  serializedVersion: 4
  m_Component:
  - 4: {fileID: 497984}
  m_Layer: 0
  m_Name: Bone_009
  m_TagString: Untagged
  m_Icon: {fileID: 0}
  m_NavMeshLayer: 0
  m_StaticEditorFlags: 0
  m_IsActive: 1
--- !u!1 &143980
GameObject:
  m_ObjectHideFlags: 1
  m_PrefabParentObject: {fileID: 0}
  m_PrefabInternal: {fileID: 100100000}
  serializedVersion: 4
  m_Component:
  - 4: {fileID: 419472}
  m_Layer: 0
  m_Name: Bone_004
  m_TagString: Untagged
  m_Icon: {fileID: 0}
  m_NavMeshLayer: 0
  m_StaticEditorFlags: 0
  m_IsActive: 1
--- !u!1 &146542
GameObject:
  m_ObjectHideFlags: 1
  m_PrefabParentObject: {fileID: 0}
  m_PrefabInternal: {fileID: 100100000}
  serializedVersion: 4
  m_Component:
  - 4: {fileID: 434412}
  m_Layer: 0
  m_Name: Bone_011
  m_TagString: Untagged
  m_Icon: {fileID: 0}
  m_NavMeshLayer: 0
  m_StaticEditorFlags: 0
  m_IsActive: 1
--- !u!1 &146566
GameObject:
  m_ObjectHideFlags: 1
  m_PrefabParentObject: {fileID: 0}
  m_PrefabInternal: {fileID: 100100000}
  serializedVersion: 4
  m_Component:
  - 4: {fileID: 498432}
  m_Layer: 0
  m_Name: Bone_006
  m_TagString: Untagged
  m_Icon: {fileID: 0}
  m_NavMeshLayer: 0
  m_StaticEditorFlags: 0
  m_IsActive: 1
--- !u!1 &146976
GameObject:
  m_ObjectHideFlags: 1
  m_PrefabParentObject: {fileID: 0}
  m_PrefabInternal: {fileID: 100100000}
  serializedVersion: 4
  m_Component:
  - 4: {fileID: 440472}
  - 137: {fileID: 13704428}
  m_Layer: 0
  m_Name: PalmTree
  m_TagString: Untagged
  m_Icon: {fileID: 0}
  m_NavMeshLayer: 0
  m_StaticEditorFlags: 0
  m_IsActive: 1
--- !u!1 &149330
GameObject:
  m_ObjectHideFlags: 1
  m_PrefabParentObject: {fileID: 0}
  m_PrefabInternal: {fileID: 100100000}
  serializedVersion: 4
  m_Component:
  - 4: {fileID: 439864}
  m_Layer: 0
  m_Name: Bone_011
  m_TagString: Untagged
  m_Icon: {fileID: 0}
  m_NavMeshLayer: 0
  m_StaticEditorFlags: 0
  m_IsActive: 1
--- !u!1 &150282
GameObject:
  m_ObjectHideFlags: 1
  m_PrefabParentObject: {fileID: 0}
  m_PrefabInternal: {fileID: 100100000}
  serializedVersion: 4
  m_Component:
  - 4: {fileID: 430818}
  m_Layer: 0
  m_Name: Bone_006
  m_TagString: Untagged
  m_Icon: {fileID: 0}
  m_NavMeshLayer: 0
  m_StaticEditorFlags: 0
  m_IsActive: 1
--- !u!1 &150284
GameObject:
  m_ObjectHideFlags: 1
  m_PrefabParentObject: {fileID: 0}
  m_PrefabInternal: {fileID: 100100000}
  serializedVersion: 4
  m_Component:
  - 4: {fileID: 456396}
  m_Layer: 0
  m_Name: Bone_002
  m_TagString: Untagged
  m_Icon: {fileID: 0}
  m_NavMeshLayer: 0
  m_StaticEditorFlags: 0
  m_IsActive: 1
--- !u!1 &150332
GameObject:
  m_ObjectHideFlags: 1
  m_PrefabParentObject: {fileID: 0}
  m_PrefabInternal: {fileID: 100100000}
  serializedVersion: 4
  m_Component:
  - 4: {fileID: 468540}
  - 137: {fileID: 13774140}
  m_Layer: 0
  m_Name: LenguaDeSuegra
  m_TagString: Untagged
  m_Icon: {fileID: 0}
  m_NavMeshLayer: 0
  m_StaticEditorFlags: 0
  m_IsActive: 1
--- !u!1 &150880
GameObject:
  m_ObjectHideFlags: 1
  m_PrefabParentObject: {fileID: 0}
  m_PrefabInternal: {fileID: 100100000}
  serializedVersion: 4
  m_Component:
  - 4: {fileID: 484570}
  m_Layer: 0
  m_Name: Bone_004
  m_TagString: Untagged
  m_Icon: {fileID: 0}
  m_NavMeshLayer: 0
  m_StaticEditorFlags: 0
  m_IsActive: 1
--- !u!1 &152140
GameObject:
  m_ObjectHideFlags: 1
  m_PrefabParentObject: {fileID: 0}
  m_PrefabInternal: {fileID: 100100000}
  serializedVersion: 4
  m_Component:
  - 4: {fileID: 476274}
  m_Layer: 0
  m_Name: Armature
  m_TagString: Untagged
  m_Icon: {fileID: 0}
  m_NavMeshLayer: 0
  m_StaticEditorFlags: 0
  m_IsActive: 1
--- !u!1 &153014
GameObject:
  m_ObjectHideFlags: 1
  m_PrefabParentObject: {fileID: 0}
  m_PrefabInternal: {fileID: 100100000}
  serializedVersion: 4
  m_Component:
  - 4: {fileID: 468170}
  m_Layer: 0
  m_Name: Bone_001
  m_TagString: Untagged
  m_Icon: {fileID: 0}
  m_NavMeshLayer: 0
  m_StaticEditorFlags: 0
  m_IsActive: 1
--- !u!1 &153050
GameObject:
  m_ObjectHideFlags: 1
  m_PrefabParentObject: {fileID: 0}
  m_PrefabInternal: {fileID: 100100000}
  serializedVersion: 4
  m_Component:
  - 4: {fileID: 461454}
  m_Layer: 0
  m_Name: Bone_014
  m_TagString: Untagged
  m_Icon: {fileID: 0}
  m_NavMeshLayer: 0
  m_StaticEditorFlags: 0
  m_IsActive: 1
--- !u!1 &156144
GameObject:
  m_ObjectHideFlags: 1
  m_PrefabParentObject: {fileID: 0}
  m_PrefabInternal: {fileID: 100100000}
  serializedVersion: 4
  m_Component:
  - 4: {fileID: 408302}
  - 137: {fileID: 13742022}
  m_Layer: 0
  m_Name: PalmTree
  m_TagString: Untagged
  m_Icon: {fileID: 0}
  m_NavMeshLayer: 0
  m_StaticEditorFlags: 0
  m_IsActive: 1
--- !u!1 &156250
GameObject:
  m_ObjectHideFlags: 1
  m_PrefabParentObject: {fileID: 0}
  m_PrefabInternal: {fileID: 100100000}
  serializedVersion: 4
  m_Component:
  - 4: {fileID: 431970}
  m_Layer: 0
  m_Name: Bone
  m_TagString: Untagged
  m_Icon: {fileID: 0}
  m_NavMeshLayer: 0
  m_StaticEditorFlags: 0
  m_IsActive: 1
--- !u!1 &157780
GameObject:
  m_ObjectHideFlags: 1
  m_PrefabParentObject: {fileID: 0}
  m_PrefabInternal: {fileID: 100100000}
  serializedVersion: 4
  m_Component:
  - 4: {fileID: 471850}
  m_Layer: 0
  m_Name: Bone_013
  m_TagString: Untagged
  m_Icon: {fileID: 0}
  m_NavMeshLayer: 0
  m_StaticEditorFlags: 0
  m_IsActive: 1
--- !u!1 &159576
GameObject:
  m_ObjectHideFlags: 1
  m_PrefabParentObject: {fileID: 0}
  m_PrefabInternal: {fileID: 100100000}
  serializedVersion: 4
  m_Component:
  - 4: {fileID: 442954}
  m_Layer: 0
  m_Name: Bone_007
  m_TagString: Untagged
  m_Icon: {fileID: 0}
  m_NavMeshLayer: 0
  m_StaticEditorFlags: 0
  m_IsActive: 1
--- !u!1 &159798
GameObject:
  m_ObjectHideFlags: 1
  m_PrefabParentObject: {fileID: 0}
  m_PrefabInternal: {fileID: 100100000}
  serializedVersion: 4
  m_Component:
  - 4: {fileID: 448994}
  m_Layer: 0
  m_Name: Bone_009
  m_TagString: Untagged
  m_Icon: {fileID: 0}
  m_NavMeshLayer: 0
  m_StaticEditorFlags: 0
  m_IsActive: 1
--- !u!1 &160508
GameObject:
  m_ObjectHideFlags: 0
  m_PrefabParentObject: {fileID: 0}
  m_PrefabInternal: {fileID: 100100000}
  serializedVersion: 4
  m_Component:
  - 4: {fileID: 432396}
  - 95: {fileID: 9583192}
  m_Layer: 0
  m_Name: LenguaDeSuegra0
  m_TagString: Untagged
  m_Icon: {fileID: 0}
  m_NavMeshLayer: 0
  m_StaticEditorFlags: 0
  m_IsActive: 1
--- !u!1 &162724
GameObject:
  m_ObjectHideFlags: 1
  m_PrefabParentObject: {fileID: 0}
  m_PrefabInternal: {fileID: 100100000}
  serializedVersion: 4
  m_Component:
  - 4: {fileID: 475960}
  - 137: {fileID: 13777976}
  m_Layer: 0
  m_Name: LenguaDeSuegraMesh1
  m_TagString: Untagged
  m_Icon: {fileID: 0}
  m_NavMeshLayer: 0
  m_StaticEditorFlags: 0
  m_IsActive: 1
--- !u!1 &162856
GameObject:
  m_ObjectHideFlags: 1
  m_PrefabParentObject: {fileID: 0}
  m_PrefabInternal: {fileID: 100100000}
  serializedVersion: 4
  m_Component:
  - 4: {fileID: 411822}
  m_Layer: 0
  m_Name: Bone_013
  m_TagString: Untagged
  m_Icon: {fileID: 0}
  m_NavMeshLayer: 0
  m_StaticEditorFlags: 0
  m_IsActive: 1
--- !u!1 &166638
GameObject:
  m_ObjectHideFlags: 1
  m_PrefabParentObject: {fileID: 0}
  m_PrefabInternal: {fileID: 100100000}
  serializedVersion: 4
  m_Component:
  - 4: {fileID: 420588}
  m_Layer: 0
  m_Name: Bone
  m_TagString: Untagged
  m_Icon: {fileID: 0}
  m_NavMeshLayer: 0
  m_StaticEditorFlags: 0
  m_IsActive: 1
--- !u!1 &168938
GameObject:
  m_ObjectHideFlags: 1
  m_PrefabParentObject: {fileID: 0}
  m_PrefabInternal: {fileID: 100100000}
  serializedVersion: 4
  m_Component:
  - 4: {fileID: 483152}
  m_Layer: 0
  m_Name: Bone_001
  m_TagString: Untagged
  m_Icon: {fileID: 0}
  m_NavMeshLayer: 0
  m_StaticEditorFlags: 0
  m_IsActive: 1
--- !u!1 &171434
GameObject:
  m_ObjectHideFlags: 1
  m_PrefabParentObject: {fileID: 0}
  m_PrefabInternal: {fileID: 100100000}
  serializedVersion: 4
  m_Component:
  - 4: {fileID: 464530}
  - 137: {fileID: 13771378}
  m_Layer: 0
  m_Name: LenguaDeSuegra
  m_TagString: Untagged
  m_Icon: {fileID: 0}
  m_NavMeshLayer: 0
  m_StaticEditorFlags: 0
  m_IsActive: 1
--- !u!1 &172420
GameObject:
  m_ObjectHideFlags: 1
  m_PrefabParentObject: {fileID: 0}
  m_PrefabInternal: {fileID: 100100000}
  serializedVersion: 4
  m_Component:
  - 4: {fileID: 487946}
  m_Layer: 0
  m_Name: Bone_013
  m_TagString: Untagged
  m_Icon: {fileID: 0}
  m_NavMeshLayer: 0
  m_StaticEditorFlags: 0
  m_IsActive: 1
--- !u!1 &172660
GameObject:
  m_ObjectHideFlags: 0
  m_PrefabParentObject: {fileID: 0}
  m_PrefabInternal: {fileID: 100100000}
  serializedVersion: 4
  m_Component:
  - 4: {fileID: 464212}
  - 95: {fileID: 9589608}
  m_Layer: 0
  m_Name: PalmTree 1
  m_TagString: Untagged
  m_Icon: {fileID: 0}
  m_NavMeshLayer: 0
  m_StaticEditorFlags: 0
  m_IsActive: 1
--- !u!1 &173206
GameObject:
  m_ObjectHideFlags: 1
  m_PrefabParentObject: {fileID: 0}
  m_PrefabInternal: {fileID: 100100000}
  serializedVersion: 4
  m_Component:
  - 4: {fileID: 412492}
  m_Layer: 0
  m_Name: Bone_010
  m_TagString: Untagged
  m_Icon: {fileID: 0}
  m_NavMeshLayer: 0
  m_StaticEditorFlags: 0
  m_IsActive: 1
--- !u!1 &173478
GameObject:
  m_ObjectHideFlags: 1
  m_PrefabParentObject: {fileID: 0}
  m_PrefabInternal: {fileID: 100100000}
  serializedVersion: 4
  m_Component:
  - 4: {fileID: 449934}
  m_Layer: 0
  m_Name: Bone
  m_TagString: Untagged
  m_Icon: {fileID: 0}
  m_NavMeshLayer: 0
  m_StaticEditorFlags: 0
  m_IsActive: 1
--- !u!1 &173652
GameObject:
  m_ObjectHideFlags: 1
  m_PrefabParentObject: {fileID: 0}
  m_PrefabInternal: {fileID: 100100000}
  serializedVersion: 4
  m_Component:
  - 4: {fileID: 457996}
  m_Layer: 0
  m_Name: Bone_004
  m_TagString: Untagged
  m_Icon: {fileID: 0}
  m_NavMeshLayer: 0
  m_StaticEditorFlags: 0
  m_IsActive: 1
--- !u!1 &174410
GameObject:
  m_ObjectHideFlags: 1
  m_PrefabParentObject: {fileID: 0}
  m_PrefabInternal: {fileID: 100100000}
  serializedVersion: 4
  m_Component:
  - 4: {fileID: 456218}
  m_Layer: 0
  m_Name: Armature
  m_TagString: Untagged
  m_Icon: {fileID: 0}
  m_NavMeshLayer: 0
  m_StaticEditorFlags: 0
  m_IsActive: 1
--- !u!1 &174928
GameObject:
  m_ObjectHideFlags: 1
  m_PrefabParentObject: {fileID: 0}
  m_PrefabInternal: {fileID: 100100000}
  serializedVersion: 4
  m_Component:
  - 4: {fileID: 483444}
  m_Layer: 0
  m_Name: Bone_001
  m_TagString: Untagged
  m_Icon: {fileID: 0}
  m_NavMeshLayer: 0
  m_StaticEditorFlags: 0
  m_IsActive: 1
--- !u!1 &176090
GameObject:
  m_ObjectHideFlags: 1
  m_PrefabParentObject: {fileID: 0}
  m_PrefabInternal: {fileID: 100100000}
  serializedVersion: 4
  m_Component:
  - 4: {fileID: 464388}
  m_Layer: 0
  m_Name: LenguaDeSuegra1
  m_TagString: Untagged
  m_Icon: {fileID: 0}
  m_NavMeshLayer: 0
  m_StaticEditorFlags: 0
  m_IsActive: 1
--- !u!1 &176144
GameObject:
  m_ObjectHideFlags: 1
  m_PrefabParentObject: {fileID: 0}
  m_PrefabInternal: {fileID: 100100000}
  serializedVersion: 4
  m_Component:
  - 4: {fileID: 435298}
  m_Layer: 0
  m_Name: Bone_008
  m_TagString: Untagged
  m_Icon: {fileID: 0}
  m_NavMeshLayer: 0
  m_StaticEditorFlags: 0
  m_IsActive: 1
--- !u!1 &177104
GameObject:
  m_ObjectHideFlags: 1
  m_PrefabParentObject: {fileID: 0}
  m_PrefabInternal: {fileID: 100100000}
  serializedVersion: 4
  m_Component:
  - 4: {fileID: 430490}
  m_Layer: 0
  m_Name: Bone_002
  m_TagString: Untagged
  m_Icon: {fileID: 0}
  m_NavMeshLayer: 0
  m_StaticEditorFlags: 0
  m_IsActive: 1
--- !u!1 &177674
GameObject:
  m_ObjectHideFlags: 0
  m_PrefabParentObject: {fileID: 0}
  m_PrefabInternal: {fileID: 100100000}
  serializedVersion: 4
  m_Component:
  - 4: {fileID: 421600}
  - 95: {fileID: 9508820}
  m_Layer: 0
  m_Name: PalmTree 2
  m_TagString: Untagged
  m_Icon: {fileID: 0}
  m_NavMeshLayer: 0
  m_StaticEditorFlags: 0
  m_IsActive: 1
--- !u!1 &178660
GameObject:
  m_ObjectHideFlags: 1
  m_PrefabParentObject: {fileID: 0}
  m_PrefabInternal: {fileID: 100100000}
  serializedVersion: 4
  m_Component:
  - 4: {fileID: 449326}
  m_Layer: 0
  m_Name: Bone_005
  m_TagString: Untagged
  m_Icon: {fileID: 0}
  m_NavMeshLayer: 0
  m_StaticEditorFlags: 0
  m_IsActive: 1
--- !u!1 &178950
GameObject:
  m_ObjectHideFlags: 1
  m_PrefabParentObject: {fileID: 0}
  m_PrefabInternal: {fileID: 100100000}
  serializedVersion: 4
  m_Component:
  - 4: {fileID: 498094}
  m_Layer: 0
  m_Name: Bone_008
  m_TagString: Untagged
  m_Icon: {fileID: 0}
  m_NavMeshLayer: 0
  m_StaticEditorFlags: 0
  m_IsActive: 1
--- !u!1 &181650
GameObject:
  m_ObjectHideFlags: 1
  m_PrefabParentObject: {fileID: 0}
  m_PrefabInternal: {fileID: 100100000}
  serializedVersion: 4
  m_Component:
  - 4: {fileID: 431090}
  m_Layer: 0
  m_Name: Bone
  m_TagString: Untagged
  m_Icon: {fileID: 0}
  m_NavMeshLayer: 0
  m_StaticEditorFlags: 0
  m_IsActive: 1
--- !u!1 &181726
GameObject:
  m_ObjectHideFlags: 0
  m_PrefabParentObject: {fileID: 0}
  m_PrefabInternal: {fileID: 100100000}
  serializedVersion: 4
  m_Component:
  - 4: {fileID: 456810}
  - 33: {fileID: 3323922}
  - 23: {fileID: 2377384}
  m_Layer: 0
  m_Name: Stone4_
  m_TagString: Untagged
  m_Icon: {fileID: 0}
  m_NavMeshLayer: 0
  m_StaticEditorFlags: 0
  m_IsActive: 1
--- !u!1 &182780
GameObject:
  m_ObjectHideFlags: 1
  m_PrefabParentObject: {fileID: 0}
  m_PrefabInternal: {fileID: 100100000}
  serializedVersion: 4
  m_Component:
  - 4: {fileID: 402744}
  m_Layer: 0
  m_Name: Bone_003
  m_TagString: Untagged
  m_Icon: {fileID: 0}
  m_NavMeshLayer: 0
  m_StaticEditorFlags: 0
  m_IsActive: 1
--- !u!1 &183846
GameObject:
  m_ObjectHideFlags: 1
  m_PrefabParentObject: {fileID: 0}
  m_PrefabInternal: {fileID: 100100000}
  serializedVersion: 4
  m_Component:
  - 4: {fileID: 435860}
  m_Layer: 0
  m_Name: Bone_003
  m_TagString: Untagged
  m_Icon: {fileID: 0}
  m_NavMeshLayer: 0
  m_StaticEditorFlags: 0
  m_IsActive: 1
--- !u!1 &187522
GameObject:
  m_ObjectHideFlags: 1
  m_PrefabParentObject: {fileID: 0}
  m_PrefabInternal: {fileID: 100100000}
  serializedVersion: 4
  m_Component:
  - 4: {fileID: 402176}
  m_Layer: 0
  m_Name: Bone_007
  m_TagString: Untagged
  m_Icon: {fileID: 0}
  m_NavMeshLayer: 0
  m_StaticEditorFlags: 0
  m_IsActive: 1
--- !u!1 &191044
GameObject:
  m_ObjectHideFlags: 1
  m_PrefabParentObject: {fileID: 0}
  m_PrefabInternal: {fileID: 100100000}
  serializedVersion: 4
  m_Component:
  - 4: {fileID: 452900}
  m_Layer: 0
  m_Name: Armature
  m_TagString: Untagged
  m_Icon: {fileID: 0}
  m_NavMeshLayer: 0
  m_StaticEditorFlags: 0
  m_IsActive: 1
--- !u!1 &192792
GameObject:
  m_ObjectHideFlags: 0
  m_PrefabParentObject: {fileID: 0}
  m_PrefabInternal: {fileID: 100100000}
  serializedVersion: 4
  m_Component:
  - 4: {fileID: 490950}
  - 33: {fileID: 3350584}
  - 23: {fileID: 2318518}
  m_Layer: 0
  m_Name: Stone3_
  m_TagString: Untagged
  m_Icon: {fileID: 0}
  m_NavMeshLayer: 0
  m_StaticEditorFlags: 0
  m_IsActive: 1
--- !u!1 &193994
GameObject:
  m_ObjectHideFlags: 1
  m_PrefabParentObject: {fileID: 0}
  m_PrefabInternal: {fileID: 100100000}
  serializedVersion: 4
  m_Component:
  - 4: {fileID: 470750}
  m_Layer: 0
  m_Name: Bone_001
  m_TagString: Untagged
  m_Icon: {fileID: 0}
  m_NavMeshLayer: 0
  m_StaticEditorFlags: 0
  m_IsActive: 1
--- !u!1 &194520
GameObject:
  m_ObjectHideFlags: 1
  m_PrefabParentObject: {fileID: 0}
  m_PrefabInternal: {fileID: 100100000}
  serializedVersion: 4
  m_Component:
  - 4: {fileID: 402884}
  m_Layer: 0
  m_Name: Bone_001
  m_TagString: Untagged
  m_Icon: {fileID: 0}
  m_NavMeshLayer: 0
  m_StaticEditorFlags: 0
  m_IsActive: 1
--- !u!1 &197700
GameObject:
  m_ObjectHideFlags: 1
  m_PrefabParentObject: {fileID: 0}
  m_PrefabInternal: {fileID: 100100000}
  serializedVersion: 4
  m_Component:
  - 4: {fileID: 470330}
  m_Layer: 0
  m_Name: Armature
  m_TagString: Untagged
  m_Icon: {fileID: 0}
  m_NavMeshLayer: 0
  m_StaticEditorFlags: 0
  m_IsActive: 1
--- !u!1 &198138
GameObject:
  m_ObjectHideFlags: 0
  m_PrefabParentObject: {fileID: 0}
  m_PrefabInternal: {fileID: 100100000}
  serializedVersion: 4
  m_Component:
  - 4: {fileID: 494652}
  - 95: {fileID: 9515388}
  m_Layer: 0
  m_Name: LenguaDeSuegra1
  m_TagString: Untagged
  m_Icon: {fileID: 0}
  m_NavMeshLayer: 0
  m_StaticEditorFlags: 0
  m_IsActive: 1
--- !u!1 &199180
GameObject:
  m_ObjectHideFlags: 1
  m_PrefabParentObject: {fileID: 0}
  m_PrefabInternal: {fileID: 100100000}
  serializedVersion: 4
  m_Component:
  - 4: {fileID: 493896}
  m_Layer: 0
  m_Name: Bone_006
  m_TagString: Untagged
  m_Icon: {fileID: 0}
  m_NavMeshLayer: 0
  m_StaticEditorFlags: 0
  m_IsActive: 1
--- !u!4 &400006
Transform:
  m_ObjectHideFlags: 1
  m_PrefabParentObject: {fileID: 0}
  m_PrefabInternal: {fileID: 100100000}
  m_GameObject: {fileID: 100006}
  m_LocalRotation: {x: 0, y: 0, z: 0, w: 1}
  m_LocalPosition: {x: 2.28999996, y: .200000003, z: -2.1099999}
  m_LocalScale: {x: 1, y: .293117702, z: 1}
  m_Children: []
  m_Father: {fileID: 400046}
  m_RootOrder: 1
--- !u!4 &400046
Transform:
  m_ObjectHideFlags: 1
  m_PrefabParentObject: {fileID: 0}
  m_PrefabInternal: {fileID: 100100000}
  m_GameObject: {fileID: 100046}
  m_LocalRotation: {x: 0, y: .182416961, z: 0, w: .983221292}
  m_LocalPosition: {x: 170.199997, y: -1.20000005, z: 69.5}
  m_LocalScale: {x: 2.16980815, y: 2.16980672, z: 2.16980672}
  m_Children:
  - {fileID: 490950}
  - {fileID: 400006}
  - {fileID: 433984}
  - {fileID: 464212}
  - {fileID: 421600}
  - {fileID: 494652}
  - {fileID: 427670}
  - {fileID: 456810}
  - {fileID: 474082}
  - {fileID: 432396}
  m_Father: {fileID: 0}
  m_RootOrder: 0
--- !u!4 &402176
Transform:
  m_ObjectHideFlags: 1
  m_PrefabParentObject: {fileID: 0}
  m_PrefabInternal: {fileID: 100100000}
  m_GameObject: {fileID: 187522}
  m_LocalRotation: {x: -.460833997, y: -.51487422, z: .48209548, w: .538628459}
  m_LocalPosition: {x: -.0223968104, y: 1.71454617e-09, z: -9.61461258e-11}
  m_LocalScale: {x: .999999881, y: .999999821, z: .99999994}
  m_Children:
  - {fileID: 435298}
  m_Father: {fileID: 428338}
  m_RootOrder: 2
--- !u!4 &402348
Transform:
  m_ObjectHideFlags: 1
  m_PrefabParentObject: {fileID: 0}
  m_PrefabInternal: {fileID: 100100000}
  m_GameObject: {fileID: 139234}
  m_LocalRotation: {x: .446162611, y: .446162432, z: -.548579156, w: .548578978}
  m_LocalPosition: {x: 0, y: 0, z: 0}
  m_LocalScale: {x: 1, y: 1, z: 1}
  m_Children:
  - {fileID: 478190}
  m_Father: {fileID: 470330}
  m_RootOrder: 0
--- !u!4 &402744
Transform:
  m_ObjectHideFlags: 1
  m_PrefabParentObject: {fileID: 0}
  m_PrefabInternal: {fileID: 100100000}
  m_GameObject: {fileID: 182780}
  m_LocalRotation: {x: .16932331, y: -.669920146, z: -.177135497, w: .700827837}
  m_LocalPosition: {x: -.0223968104, y: 1.71454617e-09, z: -9.61461258e-11}
  m_LocalScale: {x: 1.00000012, y: .99999994, z: .99999994}
  m_Children:
  - {fileID: 484570}
  m_Father: {fileID: 456396}
  m_RootOrder: 0
--- !u!4 &402884
Transform:
  m_ObjectHideFlags: 1
  m_PrefabParentObject: {fileID: 0}
  m_PrefabInternal: {fileID: 100100000}
  m_GameObject: {fileID: 194520}
  m_LocalRotation: {x: -.000528455887, y: .0815582201, z: -.00646067085, w: .996647477}
  m_LocalPosition: {x: -.0205255933, y: 1.54963919e-09, z: 0}
  m_LocalScale: {x: 1.00000012, y: .999999762, z: .99999994}
  m_Children:
  - {fileID: 430490}
  m_Father: {fileID: 420588}
  m_RootOrder: 0
--- !u!4 &406820
Transform:
  m_ObjectHideFlags: 1
  m_PrefabParentObject: {fileID: 0}
  m_PrefabInternal: {fileID: 100100000}
  m_GameObject: {fileID: 107870}
  m_LocalRotation: {x: 0, y: 0, z: 0, w: 1}
  m_LocalPosition: {x: 0, y: 0, z: 0}
  m_LocalScale: {x: 1, y: 1, z: 1}
  m_Children: []
  m_Father: {fileID: 421600}
  m_RootOrder: 1
--- !u!4 &408302
Transform:
  m_ObjectHideFlags: 1
  m_PrefabParentObject: {fileID: 0}
  m_PrefabInternal: {fileID: 100100000}
  m_GameObject: {fileID: 156144}
  m_LocalRotation: {x: 0, y: 0, z: 0, w: 1}
  m_LocalPosition: {x: 0, y: 0, z: 0}
  m_LocalScale: {x: 1, y: 1, z: 1}
  m_Children: []
  m_Father: {fileID: 464212}
  m_RootOrder: 1
--- !u!4 &410804
Transform:
  m_ObjectHideFlags: 1
  m_PrefabParentObject: {fileID: 0}
  m_PrefabInternal: {fileID: 100100000}
  m_GameObject: {fileID: 108882}
  m_LocalRotation: {x: .00723644905, y: -.28506735, z: .0243230835, w: .958171487}
  m_LocalPosition: {x: -.0176144913, y: 1.49870627e-09, z: -2.73704193e-09}
  m_LocalScale: {x: 1, y: 1, z: 1}
  m_Children: []
  m_Father: {fileID: 423066}
  m_RootOrder: 0
--- !u!4 &411822
Transform:
  m_ObjectHideFlags: 1
  m_PrefabParentObject: {fileID: 0}
  m_PrefabInternal: {fileID: 100100000}
  m_GameObject: {fileID: 162856}
  m_LocalRotation: {x: .47624591, y: -.50065273, z: -.498218089, w: .523751259}
  m_LocalPosition: {x: -.0223968104, y: 1.71454617e-09, z: -9.61461258e-11}
  m_LocalScale: {x: 1, y: 1.00000012, z: .999999881}
  m_Children:
  - {fileID: 449434}
  m_Father: {fileID: 428338}
  m_RootOrder: 5
--- !u!4 &412492
Transform:
  m_ObjectHideFlags: 1
  m_PrefabParentObject: {fileID: 0}
  m_PrefabInternal: {fileID: 100100000}
  m_GameObject: {fileID: 173206}
  m_LocalRotation: {x: .00723644905, y: -.28506735, z: .0243230835, w: .958171487}
  m_LocalPosition: {x: -.0176144913, y: 1.49870627e-09, z: -2.73704193e-09}
  m_LocalScale: {x: 1, y: 1, z: 1}
  m_Children: []
  m_Father: {fileID: 497984}
  m_RootOrder: 0
--- !u!4 &412580
Transform:
  m_ObjectHideFlags: 1
  m_PrefabParentObject: {fileID: 0}
  m_PrefabInternal: {fileID: 100100000}
  m_GameObject: {fileID: 102812}
  m_LocalRotation: {x: -.160883576, y: -.671996891, z: .168306172, w: .703000486}
  m_LocalPosition: {x: -.0223968104, y: 1.71454617e-09, z: -9.61461258e-11}
  m_LocalScale: {x: .999999881, y: .999999762, z: .999999881}
  m_Children:
  - {fileID: 493896}
  m_Father: {fileID: 428338}
  m_RootOrder: 1
--- !u!4 &419472
Transform:
  m_ObjectHideFlags: 1
  m_PrefabParentObject: {fileID: 0}
  m_PrefabInternal: {fileID: 100100000}
  m_GameObject: {fileID: 143980}
  m_LocalRotation: {x: -.00166736613, y: -.265446872, z: -.00605605636, w: .96410501}
  m_LocalPosition: {x: -.0204870999, y: 1.51823198e-09, z: 2.30943686e-09}
  m_LocalScale: {x: .999999881, y: 1, z: .999999881}
  m_Children: []
  m_Father: {fileID: 474576}
  m_RootOrder: 0
--- !u!4 &420588
Transform:
  m_ObjectHideFlags: 1
  m_PrefabParentObject: {fileID: 0}
  m_PrefabInternal: {fileID: 100100000}
  m_GameObject: {fileID: 166638}
  m_LocalRotation: {x: .446162611, y: .446162432, z: -.548579156, w: .548578978}
  m_LocalPosition: {x: 0, y: 0, z: 0}
  m_LocalScale: {x: 1, y: 1, z: 1}
  m_Children:
  - {fileID: 402884}
  m_Father: {fileID: 499784}
  m_RootOrder: 0
--- !u!4 &421600
Transform:
  m_ObjectHideFlags: 1
  m_PrefabParentObject: {fileID: 0}
  m_PrefabInternal: {fileID: 100100000}
  m_GameObject: {fileID: 177674}
  m_LocalRotation: {x: -.185414597, y: .134843364, z: -.105913952, w: .967585146}
  m_LocalPosition: {x: -3.54201126, y: .0599999987, z: -2.79999995}
  m_LocalScale: {x: .823403358, y: .82340312, z: .823403299}
  m_Children:
  - {fileID: 470330}
  - {fileID: 406820}
  m_Father: {fileID: 400046}
  m_RootOrder: 4
--- !u!4 &423066
Transform:
  m_ObjectHideFlags: 1
  m_PrefabParentObject: {fileID: 0}
  m_PrefabInternal: {fileID: 100100000}
  m_GameObject: {fileID: 135026}
  m_LocalRotation: {x: -.649961948, y: -.234548479, z: .679948747, w: .245369568}
  m_LocalPosition: {x: -.0223968104, y: 1.71454617e-09, z: -9.61461258e-11}
  m_LocalScale: {x: 1, y: .999999881, z: .999999821}
  m_Children:
  - {fileID: 410804}
  m_Father: {fileID: 456396}
  m_RootOrder: 3
--- !u!4 &427670
Transform:
  m_ObjectHideFlags: 1
  m_PrefabParentObject: {fileID: 0}
  m_PrefabInternal: {fileID: 100100000}
  m_GameObject: {fileID: 125026}
  m_LocalRotation: {x: -.0489687026, y: -.163427159, z: -.0702346042, w: .982833028}
  m_LocalPosition: {x: 10.3999996, y: .280000001, z: -4.36000013}
  m_LocalScale: {x: .468100756, y: .468100876, z: .468100786}
  m_Children:
  - {fileID: 456218}
  - {fileID: 468540}
  m_Father: {fileID: 400046}
  m_RootOrder: 6
--- !u!4 &428338
Transform:
  m_ObjectHideFlags: 1
  m_PrefabParentObject: {fileID: 0}
  m_PrefabInternal: {fileID: 100100000}
  m_GameObject: {fileID: 115984}
  m_LocalRotation: {x: .999033451, y: .00647604279, z: -.0434755273, w: .000282253663}
  m_LocalPosition: {x: -.0241069477, y: 1.91037541e-09, z: 3.02794262e-10}
  m_LocalScale: {x: 1, y: .99999994, z: .99999994}
  m_Children:
  - {fileID: 435860}
  - {fileID: 412580}
  - {fileID: 402176}
  - {fileID: 448994}
  - {fileID: 439864}
  - {fileID: 411822}
  m_Father: {fileID: 478190}
  m_RootOrder: 0
--- !u!4 &430490
Transform:
  m_ObjectHideFlags: 1
  m_PrefabParentObject: {fileID: 0}
  m_PrefabInternal: {fileID: 100100000}
  m_GameObject: {fileID: 177104}
  m_LocalRotation: {x: .999033451, y: .00647604279, z: -.0434755273, w: .000282253663}
  m_LocalPosition: {x: -.0241069477, y: 1.91037541e-09, z: 3.02794262e-10}
  m_LocalScale: {x: 1, y: .99999994, z: .99999994}
  m_Children:
  - {fileID: 474576}
  - {fileID: 462960}
  - {fileID: 442954}
  - {fileID: 497984}
  - {fileID: 468556}
  - {fileID: 471850}
  m_Father: {fileID: 402884}
  m_RootOrder: 0
--- !u!4 &430818
Transform:
  m_ObjectHideFlags: 1
  m_PrefabParentObject: {fileID: 0}
  m_PrefabInternal: {fileID: 100100000}
  m_GameObject: {fileID: 150282}
  m_LocalRotation: {x: -.00695791189, y: -.265000612, z: -.0253083482, w: .96389097}
  m_LocalPosition: {x: -.0203796383, y: 1.25343369e-09, z: 2.33044117e-09}
  m_LocalScale: {x: 1, y: 1.00000012, z: .99999994}
  m_Children: []
  m_Father: {fileID: 462960}
  m_RootOrder: 0
--- !u!4 &431090
Transform:
  m_ObjectHideFlags: 1
  m_PrefabParentObject: {fileID: 0}
  m_PrefabInternal: {fileID: 100100000}
  m_GameObject: {fileID: 181650}
  m_LocalRotation: {x: .504971027, y: .494978994, z: -.494980186, w: .504970014}
  m_LocalPosition: {x: -0, y: 0, z: .00389530044}
  m_LocalScale: {x: 1, y: 1.00000012, z: 1}
  m_Children:
  - {fileID: 468170}
  m_Father: {fileID: 456218}
  m_RootOrder: 0
--- !u!4 &431970
Transform:
  m_ObjectHideFlags: 1
  m_PrefabParentObject: {fileID: 0}
  m_PrefabInternal: {fileID: 100100000}
  m_GameObject: {fileID: 156250}
  m_LocalRotation: {x: .504971027, y: .494978994, z: -.494980186, w: .504970014}
  m_LocalPosition: {x: -0, y: 0, z: .00389530044}
  m_LocalScale: {x: 1, y: 1.00000012, z: 1}
  m_Children:
  - {fileID: 483444}
  m_Father: {fileID: 464388}
  m_RootOrder: 0
--- !u!4 &432396
Transform:
  m_ObjectHideFlags: 1
  m_PrefabParentObject: {fileID: 0}
  m_PrefabInternal: {fileID: 100100000}
  m_GameObject: {fileID: 160508}
  m_LocalRotation: {x: -.0651708096, y: -.20370996, z: -.0085926801, w: .976822019}
  m_LocalPosition: {x: -.0299999993, y: .469999999, z: -11.5}
  m_LocalScale: {x: .451556116, y: .451556146, z: .451556087}
  m_Children:
  - {fileID: 452900}
  - {fileID: 464530}
  m_Father: {fileID: 400046}
  m_RootOrder: 9
--- !u!4 &432712
Transform:
  m_ObjectHideFlags: 1
  m_PrefabParentObject: {fileID: 0}
  m_PrefabInternal: {fileID: 100100000}
  m_GameObject: {fileID: 129520}
  m_LocalRotation: {x: -.00910994317, y: -.257203847, z: -.0342043303, w: .965708733}
  m_LocalPosition: {x: -.0172500461, y: 1.94791139e-09, z: -3.49105433e-09}
  m_LocalScale: {x: .99999994, y: .999999702, z: .999999881}
  m_Children: []
  m_Father: {fileID: 439864}
  m_RootOrder: 0
--- !u!4 &433984
Transform:
  m_ObjectHideFlags: 1
  m_PrefabParentObject: {fileID: 0}
  m_PrefabInternal: {fileID: 100100000}
  m_GameObject: {fileID: 121932}
  m_LocalRotation: {x: -.123479716, y: .646277726, z: .0831219032, w: .7484442}
  m_LocalPosition: {x: -4.42999983, y: .140000001, z: -1.10000002}
  m_LocalScale: {x: 1.09711671, y: 1.09711611, z: 1.09711647}
  m_Children:
  - {fileID: 476274}
  - {fileID: 440472}
  m_Father: {fileID: 400046}
  m_RootOrder: 2
--- !u!4 &434412
Transform:
  m_ObjectHideFlags: 1
  m_PrefabParentObject: {fileID: 0}
  m_PrefabInternal: {fileID: 100100000}
  m_GameObject: {fileID: 146542}
  m_LocalRotation: {x: -.676952004, y: .138562232, z: .708184063, w: -.144955054}
  m_LocalPosition: {x: -.0223968104, y: 1.71454617e-09, z: -9.61461258e-11}
  m_LocalScale: {x: 1, y: .999999762, z: .999999821}
  m_Children:
  - {fileID: 474964}
  m_Father: {fileID: 456396}
  m_RootOrder: 4
--- !u!4 &435298
Transform:
  m_ObjectHideFlags: 1
  m_PrefabParentObject: {fileID: 0}
  m_PrefabInternal: {fileID: 100100000}
  m_GameObject: {fileID: 176144}
  m_LocalRotation: {x: -.00416054158, y: -.287653863, z: -.0138506265, w: .95762527}
  m_LocalPosition: {x: -.0195877161, y: 1.84314664e-09, z: 5.11205855e-10}
  m_LocalScale: {x: .999999762, y: .999999821, z: .999999821}
  m_Children: []
  m_Father: {fileID: 402176}
  m_RootOrder: 0
--- !u!4 &435860
Transform:
  m_ObjectHideFlags: 1
  m_PrefabParentObject: {fileID: 0}
  m_PrefabInternal: {fileID: 100100000}
  m_GameObject: {fileID: 183846}
  m_LocalRotation: {x: .16932331, y: -.669920146, z: -.177135497, w: .700827837}
  m_LocalPosition: {x: -.0223968104, y: 1.71454617e-09, z: -9.61461258e-11}
  m_LocalScale: {x: 1.00000012, y: .99999994, z: .99999994}
  m_Children:
  - {fileID: 457996}
  m_Father: {fileID: 428338}
  m_RootOrder: 0
--- !u!4 &439864
Transform:
  m_ObjectHideFlags: 1
  m_PrefabParentObject: {fileID: 0}
  m_PrefabInternal: {fileID: 100100000}
  m_GameObject: {fileID: 149330}
  m_LocalRotation: {x: -.676952004, y: .138562232, z: .708184063, w: -.144955054}
  m_LocalPosition: {x: -.0223968104, y: 1.71454617e-09, z: -9.61461258e-11}
  m_LocalScale: {x: 1, y: .999999762, z: .999999821}
  m_Children:
  - {fileID: 432712}
  m_Father: {fileID: 428338}
  m_RootOrder: 4
--- !u!4 &440472
Transform:
  m_ObjectHideFlags: 1
  m_PrefabParentObject: {fileID: 0}
  m_PrefabInternal: {fileID: 100100000}
  m_GameObject: {fileID: 146976}
  m_LocalRotation: {x: 0, y: 0, z: 0, w: 1}
  m_LocalPosition: {x: 0, y: 0, z: 0}
  m_LocalScale: {x: 1, y: 1, z: 1}
  m_Children: []
  m_Father: {fileID: 433984}
  m_RootOrder: 1
--- !u!4 &442954
Transform:
  m_ObjectHideFlags: 1
  m_PrefabParentObject: {fileID: 0}
  m_PrefabInternal: {fileID: 100100000}
  m_GameObject: {fileID: 159576}
  m_LocalRotation: {x: -.460833997, y: -.51487422, z: .48209548, w: .538628459}
  m_LocalPosition: {x: -.0223968104, y: 1.71454617e-09, z: -9.61461258e-11}
  m_LocalScale: {x: .999999881, y: .999999821, z: .99999994}
  m_Children:
  - {fileID: 477770}
  m_Father: {fileID: 430490}
  m_RootOrder: 2
--- !u!4 &448992
Transform:
  m_ObjectHideFlags: 1
  m_PrefabParentObject: {fileID: 0}
  m_PrefabInternal: {fileID: 100100000}
  m_GameObject: {fileID: 128952}
  m_LocalRotation: {x: -.00368762575, y: -.25987643, z: -.0137013737, w: .965537667}
  m_LocalPosition: {x: -.0202141702, y: 1.52698643e-09, z: 4.81894413e-10}
  m_LocalScale: {x: 1, y: .99999994, z: .999999762}
  m_Children: []
  m_Father: {fileID: 487946}
  m_RootOrder: 0
--- !u!4 &448994
Transform:
  m_ObjectHideFlags: 1
  m_PrefabParentObject: {fileID: 0}
  m_PrefabInternal: {fileID: 100100000}
  m_GameObject: {fileID: 159798}
  m_LocalRotation: {x: -.649961948, y: -.234548479, z: .679948747, w: .245369568}
  m_LocalPosition: {x: -.0223968104, y: 1.71454617e-09, z: -9.61461258e-11}
  m_LocalScale: {x: 1, y: .999999881, z: .999999821}
  m_Children:
  - {fileID: 481756}
  m_Father: {fileID: 428338}
  m_RootOrder: 3
--- !u!4 &449326
Transform:
  m_ObjectHideFlags: 1
  m_PrefabParentObject: {fileID: 0}
  m_PrefabInternal: {fileID: 100100000}
  m_GameObject: {fileID: 178660}
  m_LocalRotation: {x: -.160883576, y: -.671996891, z: .168306172, w: .703000486}
  m_LocalPosition: {x: -.0223968104, y: 1.71454617e-09, z: -9.61461258e-11}
  m_LocalScale: {x: .999999881, y: .999999762, z: .999999881}
  m_Children:
  - {fileID: 498432}
  m_Father: {fileID: 456396}
  m_RootOrder: 1
--- !u!4 &449434
Transform:
  m_ObjectHideFlags: 1
  m_PrefabParentObject: {fileID: 0}
  m_PrefabInternal: {fileID: 100100000}
  m_GameObject: {fileID: 125804}
  m_LocalRotation: {x: -.00368762575, y: -.25987643, z: -.0137013737, w: .965537667}
  m_LocalPosition: {x: -.0202141702, y: 1.52698643e-09, z: 4.81894413e-10}
  m_LocalScale: {x: 1, y: .99999994, z: .999999762}
  m_Children: []
  m_Father: {fileID: 411822}
  m_RootOrder: 0
--- !u!4 &449934
Transform:
  m_ObjectHideFlags: 1
  m_PrefabParentObject: {fileID: 0}
  m_PrefabInternal: {fileID: 100100000}
  m_GameObject: {fileID: 173478}
  m_LocalRotation: {x: .504971027, y: .494978994, z: -.494980186, w: .504970014}
  m_LocalPosition: {x: -0, y: 0, z: .00389530044}
  m_LocalScale: {x: 1, y: 1.00000012, z: 1}
  m_Children:
  - {fileID: 470750}
  m_Father: {fileID: 452900}
  m_RootOrder: 0
--- !u!4 &452900
Transform:
  m_ObjectHideFlags: 1
  m_PrefabParentObject: {fileID: 0}
  m_PrefabInternal: {fileID: 100100000}
  m_GameObject: {fileID: 191044}
  m_LocalRotation: {x: -.707106829, y: 0, z: -0, w: .707106709}
  m_LocalPosition: {x: -.105463028, y: -.360168666, z: .0435475707}
  m_LocalScale: {x: 19.7826595, y: 19.7826595, z: 19.7826595}
  m_Children:
  - {fileID: 449934}
  m_Father: {fileID: 432396}
  m_RootOrder: 0
--- !u!4 &455064
Transform:
  m_ObjectHideFlags: 1
  m_PrefabParentObject: {fileID: 0}
  m_PrefabInternal: {fileID: 100100000}
  m_GameObject: {fileID: 121270}
  m_LocalRotation: {x: -.460833997, y: -.51487422, z: .48209548, w: .538628459}
  m_LocalPosition: {x: -.0223968104, y: 1.71454617e-09, z: -9.61461258e-11}
  m_LocalScale: {x: .999999881, y: .999999821, z: .99999994}
  m_Children:
  - {fileID: 498094}
  m_Father: {fileID: 456396}
  m_RootOrder: 2
--- !u!4 &456218
Transform:
  m_ObjectHideFlags: 1
  m_PrefabParentObject: {fileID: 0}
  m_PrefabInternal: {fileID: 100100000}
  m_GameObject: {fileID: 174410}
  m_LocalRotation: {x: -.707106829, y: 0, z: -0, w: .707106709}
  m_LocalPosition: {x: -.105463028, y: -.360168666, z: .0435475707}
  m_LocalScale: {x: 19.7826595, y: 19.7826595, z: 19.7826595}
  m_Children:
  - {fileID: 431090}
  m_Father: {fileID: 427670}
  m_RootOrder: 0
--- !u!4 &456396
Transform:
  m_ObjectHideFlags: 1
  m_PrefabParentObject: {fileID: 0}
  m_PrefabInternal: {fileID: 100100000}
  m_GameObject: {fileID: 150284}
  m_LocalRotation: {x: .999033451, y: .00647604279, z: -.0434755273, w: .000282253663}
  m_LocalPosition: {x: -.0241069477, y: 1.91037541e-09, z: 3.02794262e-10}
  m_LocalScale: {x: 1, y: .99999994, z: .99999994}
  m_Children:
  - {fileID: 402744}
  - {fileID: 449326}
  - {fileID: 455064}
  - {fileID: 423066}
  - {fileID: 434412}
  - {fileID: 487946}
  m_Father: {fileID: 483152}
  m_RootOrder: 0
--- !u!4 &456810
Transform:
  m_ObjectHideFlags: 1
  m_PrefabParentObject: {fileID: 0}
  m_PrefabInternal: {fileID: 100100000}
  m_GameObject: {fileID: 181726}
  m_LocalRotation: {x: .908721983, y: .208841905, z: -.269023299, w: -.24132134}
  m_LocalPosition: {x: -1.59000003, y: -.350000739, z: -10.2799997}
  m_LocalScale: {x: 7.04152584, y: 7.04153061, z: 7.04152966}
  m_Children: []
  m_Father: {fileID: 400046}
  m_RootOrder: 7
--- !u!4 &457996
Transform:
  m_ObjectHideFlags: 1
  m_PrefabParentObject: {fileID: 0}
  m_PrefabInternal: {fileID: 100100000}
  m_GameObject: {fileID: 173652}
  m_LocalRotation: {x: -.00166736613, y: -.265446872, z: -.00605605636, w: .96410501}
  m_LocalPosition: {x: -.0204870999, y: 1.51823198e-09, z: 2.30943686e-09}
  m_LocalScale: {x: .999999881, y: 1, z: .999999881}
  m_Children: []
  m_Father: {fileID: 435860}
  m_RootOrder: 0
--- !u!4 &461454
Transform:
  m_ObjectHideFlags: 1
  m_PrefabParentObject: {fileID: 0}
  m_PrefabInternal: {fileID: 100100000}
  m_GameObject: {fileID: 153050}
  m_LocalRotation: {x: -.00368762575, y: -.25987643, z: -.0137013737, w: .965537667}
  m_LocalPosition: {x: -.0202141702, y: 1.52698643e-09, z: 4.81894413e-10}
  m_LocalScale: {x: 1, y: .99999994, z: .999999762}
  m_Children: []
  m_Father: {fileID: 471850}
  m_RootOrder: 0
--- !u!4 &462960
Transform:
  m_ObjectHideFlags: 1
  m_PrefabParentObject: {fileID: 0}
  m_PrefabInternal: {fileID: 100100000}
  m_GameObject: {fileID: 110660}
  m_LocalRotation: {x: -.160883576, y: -.671996891, z: .168306172, w: .703000486}
  m_LocalPosition: {x: -.0223968104, y: 1.71454617e-09, z: -9.61461258e-11}
  m_LocalScale: {x: .999999881, y: .999999762, z: .999999881}
  m_Children:
  - {fileID: 430818}
  m_Father: {fileID: 430490}
  m_RootOrder: 1
--- !u!4 &464212
Transform:
  m_ObjectHideFlags: 1
  m_PrefabParentObject: {fileID: 0}
  m_PrefabInternal: {fileID: 100100000}
  m_GameObject: {fileID: 172660}
  m_LocalRotation: {x: .0417970493, y: -.663415909, z: .0568803921, w: .744914174}
  m_LocalPosition: {x: -1.00742209, y: .370000005, z: .626425028}
  m_LocalScale: {x: .754353881, y: .75435406, z: .75435394}
  m_Children:
  - {fileID: 499784}
  - {fileID: 408302}
  m_Father: {fileID: 400046}
  m_RootOrder: 3
--- !u!4 &464388
Transform:
  m_ObjectHideFlags: 1
  m_PrefabParentObject: {fileID: 0}
  m_PrefabInternal: {fileID: 100100000}
  m_GameObject: {fileID: 176090}
  m_LocalRotation: {x: -.70692569, y: -.0160088558, z: .0160092432, w: .706925452}
  m_LocalPosition: {x: .0245409012, y: -.360168666, z: .0435475707}
  m_LocalScale: {x: 19.7826576, y: 19.7826595, z: 19.7826576}
  m_Children:
  - {fileID: 431970}
  m_Father: {fileID: 494652}
  m_RootOrder: 0
--- !u!4 &464530
Transform:
  m_ObjectHideFlags: 1
  m_PrefabParentObject: {fileID: 0}
  m_PrefabInternal: {fileID: 100100000}
  m_GameObject: {fileID: 171434}
  m_LocalRotation: {x: .706222177, y: .00638339389, z: -.00186011312, w: .707959116}
  m_LocalPosition: {x: .00829214137, y: .00838992931, z: -.00412206911}
  m_LocalScale: {x: 1, y: 1, z: 1}
  m_Children: []
  m_Father: {fileID: 432396}
  m_RootOrder: 1
--- !u!4 &464838
Transform:
  m_ObjectHideFlags: 1
  m_PrefabParentObject: {fileID: 0}
  m_PrefabInternal: {fileID: 100100000}
  m_GameObject: {fileID: 135694}
  m_LocalRotation: {x: .446162611, y: .446162432, z: -.548579156, w: .548578978}
  m_LocalPosition: {x: 0, y: 0, z: 0}
  m_LocalScale: {x: 1, y: 1, z: 1}
  m_Children:
  - {fileID: 483152}
  m_Father: {fileID: 476274}
  m_RootOrder: 0
--- !u!4 &468170
Transform:
  m_ObjectHideFlags: 1
  m_PrefabParentObject: {fileID: 0}
  m_PrefabInternal: {fileID: 100100000}
  m_GameObject: {fileID: 153014}
  m_LocalRotation: {x: .0176126808, y: 8.71879165e-05, z: .00494701648, w: .99983269}
  m_LocalPosition: {x: -.0299083516, y: 2.23051755e-09, z: -1.19999991e-16}
  m_LocalScale: {x: .99999994, y: 1.00000012, z: 1}
  m_Children: []
  m_Father: {fileID: 431090}
  m_RootOrder: 0
--- !u!4 &468540
Transform:
  m_ObjectHideFlags: 1
  m_PrefabParentObject: {fileID: 0}
  m_PrefabInternal: {fileID: 100100000}
  m_GameObject: {fileID: 150332}
  m_LocalRotation: {x: .707106829, y: 0, z: 0, w: .707106709}
  m_LocalPosition: {x: .00105462992, y: .00910243113, z: -.00819997676}
  m_LocalScale: {x: 1, y: 1, z: 1}
  m_Children: []
  m_Father: {fileID: 427670}
  m_RootOrder: 1
--- !u!4 &468556
Transform:
  m_ObjectHideFlags: 1
  m_PrefabParentObject: {fileID: 0}
  m_PrefabInternal: {fileID: 100100000}
  m_GameObject: {fileID: 132144}
  m_LocalRotation: {x: -.676952004, y: .138562232, z: .708184063, w: -.144955054}
  m_LocalPosition: {x: -.0223968104, y: 1.71454617e-09, z: -9.61461258e-11}
  m_LocalScale: {x: 1, y: .999999762, z: .999999821}
  m_Children:
  - {fileID: 490206}
  m_Father: {fileID: 430490}
  m_RootOrder: 4
--- !u!4 &470330
Transform:
  m_ObjectHideFlags: 1
  m_PrefabParentObject: {fileID: 0}
  m_PrefabInternal: {fileID: 100100000}
  m_GameObject: {fileID: 197700}
  m_LocalRotation: {x: -.707106829, y: 0, z: -0, w: .707106709}
  m_LocalPosition: {x: 0, y: 0, z: 0}
  m_LocalScale: {x: 100, y: 100.000008, z: 100.000008}
  m_Children:
  - {fileID: 402348}
  m_Father: {fileID: 421600}
  m_RootOrder: 0
--- !u!4 &470750
Transform:
  m_ObjectHideFlags: 1
  m_PrefabParentObject: {fileID: 0}
  m_PrefabInternal: {fileID: 100100000}
  m_GameObject: {fileID: 193994}
  m_LocalRotation: {x: .0176126808, y: 8.71879165e-05, z: .00494701648, w: .99983269}
  m_LocalPosition: {x: -.0299083516, y: 2.23051755e-09, z: -1.19999991e-16}
  m_LocalScale: {x: .99999994, y: 1.00000012, z: 1}
  m_Children: []
  m_Father: {fileID: 449934}
  m_RootOrder: 0
--- !u!4 &471850
Transform:
  m_ObjectHideFlags: 1
  m_PrefabParentObject: {fileID: 0}
  m_PrefabInternal: {fileID: 100100000}
  m_GameObject: {fileID: 157780}
  m_LocalRotation: {x: .47624591, y: -.50065273, z: -.498218089, w: .523751259}
  m_LocalPosition: {x: -.0223968104, y: 1.71454617e-09, z: -9.61461258e-11}
  m_LocalScale: {x: 1, y: 1.00000012, z: .999999881}
  m_Children:
  - {fileID: 461454}
  m_Father: {fileID: 430490}
  m_RootOrder: 5
--- !u!4 &474082
Transform:
  m_ObjectHideFlags: 1
  m_PrefabParentObject: {fileID: 0}
  m_PrefabInternal: {fileID: 100100000}
  m_GameObject: {fileID: 137460}
  m_LocalRotation: {x: .00275736023, y: .358872235, z: -.409692228, w: .838662922}
  m_LocalPosition: {x: -2.17000008, y: .120174259, z: -5.82999992}
  m_LocalScale: {x: 5.9696312, y: 5.9696331, z: 5.96963358}
  m_Children: []
  m_Father: {fileID: 400046}
  m_RootOrder: 8
--- !u!4 &474576
Transform:
  m_ObjectHideFlags: 1
  m_PrefabParentObject: {fileID: 0}
  m_PrefabInternal: {fileID: 100100000}
  m_GameObject: {fileID: 113502}
  m_LocalRotation: {x: .16932331, y: -.669920146, z: -.177135497, w: .700827837}
  m_LocalPosition: {x: -.0223968104, y: 1.71454617e-09, z: -9.61461258e-11}
  m_LocalScale: {x: 1.00000012, y: .99999994, z: .99999994}
  m_Children:
  - {fileID: 419472}
  m_Father: {fileID: 430490}
  m_RootOrder: 0
--- !u!4 &474964
Transform:
  m_ObjectHideFlags: 1
  m_PrefabParentObject: {fileID: 0}
  m_PrefabInternal: {fileID: 100100000}
  m_GameObject: {fileID: 131610}
  m_LocalRotation: {x: -.00910994317, y: -.257203847, z: -.0342043303, w: .965708733}
  m_LocalPosition: {x: -.0172500461, y: 1.94791139e-09, z: -3.49105433e-09}
  m_LocalScale: {x: .99999994, y: .999999702, z: .999999881}
  m_Children: []
  m_Father: {fileID: 434412}
  m_RootOrder: 0
--- !u!4 &475960
Transform:
  m_ObjectHideFlags: 1
  m_PrefabParentObject: {fileID: 0}
  m_PrefabInternal: {fileID: 100100000}
  m_GameObject: {fileID: 162724}
  m_LocalRotation: {x: .707106829, y: 0, z: 0, w: .707106709}
  m_LocalPosition: {x: .00105463038, y: .00910243113, z: -.00819997396}
  m_LocalScale: {x: .99972564, y: .856103897, z: 1.00000012}
  m_Children: []
  m_Father: {fileID: 494652}
  m_RootOrder: 1
--- !u!4 &476274
Transform:
  m_ObjectHideFlags: 1
  m_PrefabParentObject: {fileID: 0}
  m_PrefabInternal: {fileID: 100100000}
  m_GameObject: {fileID: 152140}
  m_LocalRotation: {x: -.707106829, y: 0, z: -0, w: .707106709}
  m_LocalPosition: {x: 0, y: 0, z: 0}
  m_LocalScale: {x: 100, y: 100.000008, z: 100.000008}
  m_Children:
  - {fileID: 464838}
  m_Father: {fileID: 433984}
  m_RootOrder: 0
--- !u!4 &477770
Transform:
  m_ObjectHideFlags: 1
  m_PrefabParentObject: {fileID: 0}
  m_PrefabInternal: {fileID: 100100000}
  m_GameObject: {fileID: 105626}
  m_LocalRotation: {x: -.00416054158, y: -.287653863, z: -.0138506265, w: .95762527}
  m_LocalPosition: {x: -.0195877161, y: 1.84314664e-09, z: 5.11205855e-10}
  m_LocalScale: {x: .999999762, y: .999999821, z: .999999821}
  m_Children: []
  m_Father: {fileID: 442954}
  m_RootOrder: 0
--- !u!4 &478190
Transform:
  m_ObjectHideFlags: 1
  m_PrefabParentObject: {fileID: 0}
  m_PrefabInternal: {fileID: 100100000}
  m_GameObject: {fileID: 108694}
  m_LocalRotation: {x: -.000528455887, y: .0815582201, z: -.00646067085, w: .996647477}
  m_LocalPosition: {x: -.0205255933, y: 1.54963919e-09, z: 0}
  m_LocalScale: {x: 1.00000012, y: .999999762, z: .99999994}
  m_Children:
  - {fileID: 428338}
  m_Father: {fileID: 402348}
  m_RootOrder: 0
--- !u!4 &481756
Transform:
  m_ObjectHideFlags: 1
  m_PrefabParentObject: {fileID: 0}
  m_PrefabInternal: {fileID: 100100000}
  m_GameObject: {fileID: 106522}
  m_LocalRotation: {x: .00723644905, y: -.28506735, z: .0243230835, w: .958171487}
  m_LocalPosition: {x: -.0176144913, y: 1.49870627e-09, z: -2.73704193e-09}
  m_LocalScale: {x: 1, y: 1, z: 1}
  m_Children: []
  m_Father: {fileID: 448994}
  m_RootOrder: 0
--- !u!4 &483152
Transform:
  m_ObjectHideFlags: 1
  m_PrefabParentObject: {fileID: 0}
  m_PrefabInternal: {fileID: 100100000}
  m_GameObject: {fileID: 168938}
  m_LocalRotation: {x: -.000528455887, y: .0815582201, z: -.00646067085, w: .996647477}
  m_LocalPosition: {x: -.0205255933, y: 1.54963919e-09, z: 0}
  m_LocalScale: {x: 1.00000012, y: .999999762, z: .99999994}
  m_Children:
  - {fileID: 456396}
  m_Father: {fileID: 464838}
  m_RootOrder: 0
--- !u!4 &483444
Transform:
  m_ObjectHideFlags: 1
  m_PrefabParentObject: {fileID: 0}
  m_PrefabInternal: {fileID: 100100000}
  m_GameObject: {fileID: 174928}
  m_LocalRotation: {x: .0176126808, y: 8.71879165e-05, z: .00494701648, w: .99983269}
  m_LocalPosition: {x: -.0299083516, y: 2.23051755e-09, z: -1.19999991e-16}
  m_LocalScale: {x: .99999994, y: 1.00000012, z: 1}
  m_Children: []
  m_Father: {fileID: 431970}
  m_RootOrder: 0
--- !u!4 &484570
Transform:
  m_ObjectHideFlags: 1
  m_PrefabParentObject: {fileID: 0}
  m_PrefabInternal: {fileID: 100100000}
  m_GameObject: {fileID: 150880}
  m_LocalRotation: {x: -.00166736613, y: -.265446872, z: -.00605605636, w: .96410501}
  m_LocalPosition: {x: -.0204870999, y: 1.51823198e-09, z: 2.30943686e-09}
  m_LocalScale: {x: .999999881, y: 1, z: .999999881}
  m_Children: []
  m_Father: {fileID: 402744}
  m_RootOrder: 0
--- !u!4 &487946
Transform:
  m_ObjectHideFlags: 1
  m_PrefabParentObject: {fileID: 0}
  m_PrefabInternal: {fileID: 100100000}
  m_GameObject: {fileID: 172420}
  m_LocalRotation: {x: .47624591, y: -.50065273, z: -.498218089, w: .523751259}
  m_LocalPosition: {x: -.0223968104, y: 1.71454617e-09, z: -9.61461258e-11}
  m_LocalScale: {x: 1, y: 1.00000012, z: .999999881}
  m_Children:
  - {fileID: 448992}
  m_Father: {fileID: 456396}
  m_RootOrder: 5
--- !u!4 &490206
Transform:
  m_ObjectHideFlags: 1
  m_PrefabParentObject: {fileID: 0}
  m_PrefabInternal: {fileID: 100100000}
  m_GameObject: {fileID: 138646}
  m_LocalRotation: {x: -.00910994317, y: -.257203847, z: -.0342043303, w: .965708733}
  m_LocalPosition: {x: -.0172500461, y: 1.94791139e-09, z: -3.49105433e-09}
  m_LocalScale: {x: .99999994, y: .999999702, z: .999999881}
  m_Children: []
  m_Father: {fileID: 468556}
  m_RootOrder: 0
--- !u!4 &490950
Transform:
  m_ObjectHideFlags: 1
  m_PrefabParentObject: {fileID: 0}
  m_PrefabInternal: {fileID: 100100000}
  m_GameObject: {fileID: 192792}
  m_LocalRotation: {x: .50464499, y: -.0658300668, z: -.19737044, w: .837881148}
  m_LocalPosition: {x: 7.23999929, y: .0799999908, z: 6.85000038}
  m_LocalScale: {x: 7.79284906, y: 7.79284859, z: 7.79284906}
  m_Children: []
  m_Father: {fileID: 400046}
  m_RootOrder: 0
--- !u!4 &493896
Transform:
  m_ObjectHideFlags: 1
  m_PrefabParentObject: {fileID: 0}
  m_PrefabInternal: {fileID: 100100000}
  m_GameObject: {fileID: 199180}
  m_LocalRotation: {x: -.00695791189, y: -.265000612, z: -.0253083482, w: .96389097}
  m_LocalPosition: {x: -.0203796383, y: 1.25343369e-09, z: 2.33044117e-09}
  m_LocalScale: {x: 1, y: 1.00000012, z: .99999994}
  m_Children: []
  m_Father: {fileID: 412580}
  m_RootOrder: 0
--- !u!4 &494652
Transform:
  m_ObjectHideFlags: 1
  m_PrefabParentObject: {fileID: 0}
  m_PrefabInternal: {fileID: 100100000}
  m_GameObject: {fileID: 198138}
  m_LocalRotation: {x: -.0428391621, y: -.166024297, z: -.139956325, w: .975198984}
  m_LocalPosition: {x: -4.03018427, y: 1.37, z: -1.78167641}
  m_LocalScale: {x: .679355085, y: .679355085, z: .679355085}
  m_Children:
  - {fileID: 464388}
  - {fileID: 475960}
  m_Father: {fileID: 400046}
  m_RootOrder: 5
--- !u!4 &497984
Transform:
  m_ObjectHideFlags: 1
  m_PrefabParentObject: {fileID: 0}
  m_PrefabInternal: {fileID: 100100000}
  m_GameObject: {fileID: 143852}
  m_LocalRotation: {x: -.649961948, y: -.234548479, z: .679948747, w: .245369568}
  m_LocalPosition: {x: -.0223968104, y: 1.71454617e-09, z: -9.61461258e-11}
  m_LocalScale: {x: 1, y: .999999881, z: .999999821}
  m_Children:
  - {fileID: 412492}
  m_Father: {fileID: 430490}
  m_RootOrder: 3
--- !u!4 &498094
Transform:
  m_ObjectHideFlags: 1
  m_PrefabParentObject: {fileID: 0}
  m_PrefabInternal: {fileID: 100100000}
  m_GameObject: {fileID: 178950}
  m_LocalRotation: {x: -.00416054158, y: -.287653863, z: -.0138506265, w: .95762527}
  m_LocalPosition: {x: -.0195877161, y: 1.84314664e-09, z: 5.11205855e-10}
  m_LocalScale: {x: .999999762, y: .999999821, z: .999999821}
  m_Children: []
  m_Father: {fileID: 455064}
  m_RootOrder: 0
--- !u!4 &498432
Transform:
  m_ObjectHideFlags: 1
  m_PrefabParentObject: {fileID: 0}
  m_PrefabInternal: {fileID: 100100000}
  m_GameObject: {fileID: 146566}
  m_LocalRotation: {x: -.00695791189, y: -.265000612, z: -.0253083482, w: .96389097}
  m_LocalPosition: {x: -.0203796383, y: 1.25343369e-09, z: 2.33044117e-09}
  m_LocalScale: {x: 1, y: 1.00000012, z: .99999994}
  m_Children: []
  m_Father: {fileID: 449326}
  m_RootOrder: 0
--- !u!4 &499784
Transform:
  m_ObjectHideFlags: 1
  m_PrefabParentObject: {fileID: 0}
  m_PrefabInternal: {fileID: 100100000}
  m_GameObject: {fileID: 101832}
  m_LocalRotation: {x: -.707106829, y: 0, z: -0, w: .707106709}
  m_LocalPosition: {x: 0, y: 0, z: 0}
  m_LocalScale: {x: 100, y: 100.000008, z: 100.000008}
  m_Children:
  - {fileID: 420588}
  m_Father: {fileID: 464212}
  m_RootOrder: 0
--- !u!23 &2300002
MeshRenderer:
  m_ObjectHideFlags: 1
  m_PrefabParentObject: {fileID: 0}
  m_PrefabInternal: {fileID: 100100000}
  m_GameObject: {fileID: 100006}
  m_Enabled: 1
  m_CastShadows: 1
  m_ReceiveShadows: 1
  m_Materials:
  - {fileID: 2100000, guid: 6f164fb9a817044c7915acab6c7c0979, type: 2}
  m_SubsetIndices: 
  m_StaticBatchRoot: {fileID: 0}
  m_UseLightProbes: 0
  m_ReflectionProbeUsage: 1
  m_ProbeAnchor: {fileID: 0}
  m_ScaleInLightmap: 1
  m_PreserveUVs: 0
  m_ImportantGI: 0
  m_AutoUVMaxDistance: .5
  m_AutoUVMaxAngle: 89
  m_LightmapParameters: {fileID: 0}
  m_SortingLayerID: 0
  m_SortingOrder: 0
--- !u!23 &2318518
MeshRenderer:
  m_ObjectHideFlags: 1
  m_PrefabParentObject: {fileID: 0}
  m_PrefabInternal: {fileID: 100100000}
  m_GameObject: {fileID: 192792}
  m_Enabled: 1
  m_CastShadows: 1
  m_ReceiveShadows: 1
  m_Materials:
  - {fileID: 2100000, guid: f9da31482a37b2e40bc2efb3e44893af, type: 2}
  m_SubsetIndices: 
  m_StaticBatchRoot: {fileID: 0}
  m_UseLightProbes: 1
  m_ReflectionProbeUsage: 1
  m_ProbeAnchor: {fileID: 0}
  m_ScaleInLightmap: 1
  m_PreserveUVs: 0
  m_ImportantGI: 0
  m_AutoUVMaxDistance: .5
  m_AutoUVMaxAngle: 89
  m_LightmapParameters: {fileID: 0}
  m_SortingLayerID: 0
  m_SortingOrder: 0
--- !u!23 &2346150
MeshRenderer:
  m_ObjectHideFlags: 1
  m_PrefabParentObject: {fileID: 0}
  m_PrefabInternal: {fileID: 100100000}
  m_GameObject: {fileID: 137460}
  m_Enabled: 1
  m_CastShadows: 1
  m_ReceiveShadows: 1
  m_Materials:
  - {fileID: 2100000, guid: 9f4b61316bba87045b9128c6978b23d1, type: 2}
  m_SubsetIndices: 
  m_StaticBatchRoot: {fileID: 0}
  m_UseLightProbes: 1
  m_ReflectionProbeUsage: 1
  m_ProbeAnchor: {fileID: 0}
  m_ScaleInLightmap: 1
  m_PreserveUVs: 0
  m_ImportantGI: 0
  m_AutoUVMaxDistance: .5
  m_AutoUVMaxAngle: 89
  m_LightmapParameters: {fileID: 0}
  m_SortingLayerID: 0
  m_SortingOrder: 0
--- !u!23 &2377384
MeshRenderer:
  m_ObjectHideFlags: 1
  m_PrefabParentObject: {fileID: 0}
  m_PrefabInternal: {fileID: 100100000}
  m_GameObject: {fileID: 181726}
  m_Enabled: 1
  m_CastShadows: 1
  m_ReceiveShadows: 1
  m_Materials:
  - {fileID: 2100000, guid: a3832dd790f9b4e45b08a3497562df56, type: 2}
  m_SubsetIndices: 
  m_StaticBatchRoot: {fileID: 0}
  m_UseLightProbes: 1
  m_ReflectionProbeUsage: 1
  m_ProbeAnchor: {fileID: 0}
  m_ScaleInLightmap: 1
  m_PreserveUVs: 0
  m_ImportantGI: 0
  m_AutoUVMaxDistance: .5
  m_AutoUVMaxAngle: 89
  m_LightmapParameters: {fileID: 0}
  m_SortingLayerID: 0
  m_SortingOrder: 0
--- !u!33 &3300002
MeshFilter:
  m_ObjectHideFlags: 1
  m_PrefabParentObject: {fileID: 0}
  m_PrefabInternal: {fileID: 100100000}
  m_GameObject: {fileID: 100006}
  m_Mesh: {fileID: 4300008, guid: 9ba57f3cb3e9c4bb4a022ecf298b38b1, type: 3}
--- !u!33 &3323922
MeshFilter:
  m_ObjectHideFlags: 1
  m_PrefabParentObject: {fileID: 0}
  m_PrefabInternal: {fileID: 100100000}
  m_GameObject: {fileID: 181726}
  m_Mesh: {fileID: 4300000, guid: 7a33d0df2ece05b48ae7e825bfc3df7e, type: 3}
--- !u!33 &3350584
MeshFilter:
  m_ObjectHideFlags: 1
  m_PrefabParentObject: {fileID: 0}
  m_PrefabInternal: {fileID: 100100000}
  m_GameObject: {fileID: 192792}
  m_Mesh: {fileID: 4300000, guid: 282ee397f4a5bd8458d1ac4bbaaf2d3a, type: 3}
--- !u!33 &3360428
MeshFilter:
  m_ObjectHideFlags: 1
  m_PrefabParentObject: {fileID: 0}
  m_PrefabInternal: {fileID: 100100000}
  m_GameObject: {fileID: 137460}
  m_Mesh: {fileID: 4300002, guid: bf1758751d3401c4aad53b4ae29e0187, type: 3}
--- !u!95 &9508820
Animator:
  serializedVersion: 3
  m_ObjectHideFlags: 1
  m_PrefabParentObject: {fileID: 0}
  m_PrefabInternal: {fileID: 100100000}
  m_GameObject: {fileID: 177674}
  m_Enabled: 1
  m_Avatar: {fileID: 9000000, guid: 36b840c3ef8ee4bbc97768d25f0a42b3, type: 3}
  m_Controller: {fileID: 9100000, guid: 1cc65a3ea6fb74b0ab454991e19d24d3, type: 2}
  m_CullingMode: 1
  m_UpdateMode: 0
  m_ApplyRootMotion: 0
  m_LinearVelocityBlending: 0
  m_WarningMessage: 
  m_HasTransformHierarchy: 1
  m_AllowConstantClipSamplingOptimization: 1
--- !u!95 &9515388
Animator:
  serializedVersion: 3
  m_ObjectHideFlags: 1
  m_PrefabParentObject: {fileID: 0}
  m_PrefabInternal: {fileID: 100100000}
  m_GameObject: {fileID: 198138}
  m_Enabled: 1
  m_Avatar: {fileID: 9000000, guid: 498e369508c45493684fdfec8cf15eec, type: 3}
  m_Controller: {fileID: 9100000, guid: ca7ccbec5fa0346378cfddb3abc22200, type: 2}
  m_CullingMode: 1
  m_UpdateMode: 0
  m_ApplyRootMotion: 1
  m_LinearVelocityBlending: 0
  m_WarningMessage: 
  m_HasTransformHierarchy: 1
  m_AllowConstantClipSamplingOptimization: 1
--- !u!95 &9583192
Animator:
  serializedVersion: 3
  m_ObjectHideFlags: 1
  m_PrefabParentObject: {fileID: 0}
  m_PrefabInternal: {fileID: 100100000}
  m_GameObject: {fileID: 160508}
  m_Enabled: 1
  m_Avatar: {fileID: 9000000, guid: f9dd222c1ba784900abbd0a634558be4, type: 3}
  m_Controller: {fileID: 9100000, guid: 7690458c193ea4291931a54f2c836f21, type: 2}
  m_CullingMode: 1
  m_UpdateMode: 0
  m_ApplyRootMotion: 1
  m_LinearVelocityBlending: 0
  m_WarningMessage: 
  m_HasTransformHierarchy: 1
  m_AllowConstantClipSamplingOptimization: 1
--- !u!95 &9587454
Animator:
  serializedVersion: 3
  m_ObjectHideFlags: 1
  m_PrefabParentObject: {fileID: 0}
  m_PrefabInternal: {fileID: 100100000}
  m_GameObject: {fileID: 121932}
  m_Enabled: 1
  m_Avatar: {fileID: 9000000, guid: 36b840c3ef8ee4bbc97768d25f0a42b3, type: 3}
  m_Controller: {fileID: 9100000, guid: 1cc65a3ea6fb74b0ab454991e19d24d3, type: 2}
  m_CullingMode: 1
  m_UpdateMode: 0
  m_ApplyRootMotion: 0
  m_LinearVelocityBlending: 0
  m_WarningMessage: 
  m_HasTransformHierarchy: 1
  m_AllowConstantClipSamplingOptimization: 1
--- !u!95 &9589608
Animator:
  serializedVersion: 3
  m_ObjectHideFlags: 1
  m_PrefabParentObject: {fileID: 0}
  m_PrefabInternal: {fileID: 100100000}
  m_GameObject: {fileID: 172660}
  m_Enabled: 1
  m_Avatar: {fileID: 9000000, guid: 36b840c3ef8ee4bbc97768d25f0a42b3, type: 3}
  m_Controller: {fileID: 9100000, guid: 1cc65a3ea6fb74b0ab454991e19d24d3, type: 2}
  m_CullingMode: 1
  m_UpdateMode: 0
  m_ApplyRootMotion: 0
  m_LinearVelocityBlending: 0
  m_WarningMessage: 
  m_HasTransformHierarchy: 1
  m_AllowConstantClipSamplingOptimization: 1
--- !u!95 &9593390
Animator:
  serializedVersion: 3
  m_ObjectHideFlags: 1
  m_PrefabParentObject: {fileID: 0}
  m_PrefabInternal: {fileID: 100100000}
  m_GameObject: {fileID: 125026}
  m_Enabled: 1
  m_Avatar: {fileID: 9000000, guid: f9dd222c1ba784900abbd0a634558be4, type: 3}
  m_Controller: {fileID: 9100000, guid: 7690458c193ea4291931a54f2c836f21, type: 2}
  m_CullingMode: 1
  m_UpdateMode: 0
  m_ApplyRootMotion: 1
  m_LinearVelocityBlending: 0
  m_WarningMessage: 
  m_HasTransformHierarchy: 1
  m_AllowConstantClipSamplingOptimization: 1
--- !u!137 &13704428
SkinnedMeshRenderer:
  m_ObjectHideFlags: 1
  m_PrefabParentObject: {fileID: 0}
  m_PrefabInternal: {fileID: 100100000}
  m_GameObject: {fileID: 146976}
  m_Enabled: 1
  m_CastShadows: 1
  m_ReceiveShadows: 1
  m_Materials:
  - {fileID: 2100000, guid: 2526d6179777541d59365cd8337a9771, type: 2}
  m_SubsetIndices: 
  m_StaticBatchRoot: {fileID: 0}
  m_UseLightProbes: 1
  m_ReflectionProbeUsage: 1
  m_ProbeAnchor: {fileID: 0}
  m_ScaleInLightmap: 1
  m_PreserveUVs: 0
  m_ImportantGI: 0
  m_AutoUVMaxDistance: .5
  m_AutoUVMaxAngle: 89
  m_LightmapParameters: {fileID: 0}
  m_SortingLayerID: 0
  m_SortingOrder: 0
  serializedVersion: 2
  m_Quality: 0
  m_UpdateWhenOffscreen: 0
  m_Mesh: {fileID: 4300000, guid: 36b840c3ef8ee4bbc97768d25f0a42b3, type: 3}
  m_Bones:
  - {fileID: 464838}
  - {fileID: 483152}
  - {fileID: 456396}
  - {fileID: 402744}
  - {fileID: 484570}
  - {fileID: 449326}
  - {fileID: 498432}
  - {fileID: 455064}
  - {fileID: 498094}
  - {fileID: 423066}
  - {fileID: 410804}
  - {fileID: 434412}
  - {fileID: 474964}
  - {fileID: 487946}
  - {fileID: 448992}
  m_BlendShapeWeights: []
  m_RootBone: {fileID: 464838}
  m_AABB:
    m_Center: {x: -.0394591913, y: -.000948956236, z: .0114910882}
    m_Extent: {x: .0412352756, y: .0427502543, z: .0443684459}
  m_DirtyAABB: 0
--- !u!137 &13724692
SkinnedMeshRenderer:
  m_ObjectHideFlags: 1
  m_PrefabParentObject: {fileID: 0}
  m_PrefabInternal: {fileID: 100100000}
  m_GameObject: {fileID: 107870}
  m_Enabled: 1
  m_CastShadows: 1
  m_ReceiveShadows: 1
  m_Materials:
  - {fileID: 2100000, guid: 2526d6179777541d59365cd8337a9771, type: 2}
  m_SubsetIndices: 
  m_StaticBatchRoot: {fileID: 0}
  m_UseLightProbes: 1
  m_ReflectionProbeUsage: 1
  m_ProbeAnchor: {fileID: 0}
  m_ScaleInLightmap: 1
  m_PreserveUVs: 0
  m_ImportantGI: 0
  m_AutoUVMaxDistance: .5
  m_AutoUVMaxAngle: 89
  m_LightmapParameters: {fileID: 0}
  m_SortingLayerID: 0
  m_SortingOrder: 0
  serializedVersion: 2
  m_Quality: 0
  m_UpdateWhenOffscreen: 0
  m_Mesh: {fileID: 4300000, guid: 36b840c3ef8ee4bbc97768d25f0a42b3, type: 3}
  m_Bones:
  - {fileID: 402348}
  - {fileID: 478190}
  - {fileID: 428338}
  - {fileID: 435860}
  - {fileID: 457996}
  - {fileID: 412580}
  - {fileID: 493896}
  - {fileID: 402176}
  - {fileID: 435298}
  - {fileID: 448994}
  - {fileID: 481756}
  - {fileID: 439864}
  - {fileID: 432712}
  - {fileID: 411822}
  - {fileID: 449434}
  m_BlendShapeWeights: []
  m_RootBone: {fileID: 402348}
  m_AABB:
    m_Center: {x: -.0394591913, y: -.000948956236, z: .0114910882}
    m_Extent: {x: .0412352756, y: .0427502543, z: .0443684459}
  m_DirtyAABB: 0
--- !u!137 &13742022
SkinnedMeshRenderer:
  m_ObjectHideFlags: 1
  m_PrefabParentObject: {fileID: 0}
  m_PrefabInternal: {fileID: 100100000}
  m_GameObject: {fileID: 156144}
  m_Enabled: 1
  m_CastShadows: 1
  m_ReceiveShadows: 1
  m_Materials:
  - {fileID: 2100000, guid: 2526d6179777541d59365cd8337a9771, type: 2}
  m_SubsetIndices: 
  m_StaticBatchRoot: {fileID: 0}
  m_UseLightProbes: 1
  m_ReflectionProbeUsage: 1
  m_ProbeAnchor: {fileID: 0}
  m_ScaleInLightmap: 1
  m_PreserveUVs: 0
  m_ImportantGI: 0
  m_AutoUVMaxDistance: .5
  m_AutoUVMaxAngle: 89
  m_LightmapParameters: {fileID: 0}
  m_SortingLayerID: 0
  m_SortingOrder: 0
  serializedVersion: 2
  m_Quality: 0
  m_UpdateWhenOffscreen: 0
  m_Mesh: {fileID: 4300000, guid: 36b840c3ef8ee4bbc97768d25f0a42b3, type: 3}
  m_Bones:
  - {fileID: 420588}
  - {fileID: 402884}
  - {fileID: 430490}
  - {fileID: 474576}
  - {fileID: 419472}
  - {fileID: 462960}
  - {fileID: 430818}
  - {fileID: 442954}
  - {fileID: 477770}
  - {fileID: 497984}
  - {fileID: 412492}
  - {fileID: 468556}
  - {fileID: 490206}
  - {fileID: 471850}
  - {fileID: 461454}
  m_BlendShapeWeights: []
  m_RootBone: {fileID: 420588}
  m_AABB:
    m_Center: {x: -.0394591913, y: -.000948956236, z: .0114910882}
    m_Extent: {x: .0412352756, y: .0427502543, z: .0443684459}
  m_DirtyAABB: 0
--- !u!137 &13771378
SkinnedMeshRenderer:
  m_ObjectHideFlags: 1
  m_PrefabParentObject: {fileID: 0}
  m_PrefabInternal: {fileID: 100100000}
  m_GameObject: {fileID: 171434}
  m_Enabled: 1
  m_CastShadows: 1
  m_ReceiveShadows: 1
  m_Materials:
  - {fileID: 2100000, guid: 4f810e9d49c724683ba786e982267086, type: 2}
  m_SubsetIndices: 
  m_StaticBatchRoot: {fileID: 0}
  m_UseLightProbes: 0
  m_ReflectionProbeUsage: 1
  m_ProbeAnchor: {fileID: 0}
  m_ScaleInLightmap: 1
  m_PreserveUVs: 0
  m_ImportantGI: 0
  m_AutoUVMaxDistance: .5
  m_AutoUVMaxAngle: 89
  m_LightmapParameters: {fileID: 0}
  m_SortingLayerID: 0
  m_SortingOrder: 0
  serializedVersion: 2
  m_Quality: 0
  m_UpdateWhenOffscreen: 0
  m_Mesh: {fileID: 4300002, guid: f9dd222c1ba784900abbd0a634558be4, type: 3}
  m_Bones:
  - {fileID: 449934}
  - {fileID: 470750}
  m_BlendShapeWeights: []
  m_RootBone: {fileID: 449934}
  m_AABB:
    m_Center: {x: -.0958359092, y: .0080352705, z: .0106804874}
    m_Extent: {x: .10641104, y: .0684611723, z: .0618005693}
  m_DirtyAABB: 0
--- !u!137 &13774140
SkinnedMeshRenderer:
  m_ObjectHideFlags: 1
  m_PrefabParentObject: {fileID: 0}
  m_PrefabInternal: {fileID: 100100000}
  m_GameObject: {fileID: 150332}
  m_Enabled: 1
  m_CastShadows: 1
  m_ReceiveShadows: 1
  m_Materials:
  - {fileID: 2100000, guid: 4f810e9d49c724683ba786e982267086, type: 2}
  m_SubsetIndices: 
  m_StaticBatchRoot: {fileID: 0}
  m_UseLightProbes: 0
  m_ReflectionProbeUsage: 1
  m_ProbeAnchor: {fileID: 0}
  m_ScaleInLightmap: 1
  m_PreserveUVs: 0
  m_ImportantGI: 0
  m_AutoUVMaxDistance: .5
  m_AutoUVMaxAngle: 89
  m_LightmapParameters: {fileID: 0}
  m_SortingLayerID: 0
  m_SortingOrder: 0
  serializedVersion: 2
  m_Quality: 0
  m_UpdateWhenOffscreen: 0
  m_Mesh: {fileID: 4300002, guid: f9dd222c1ba784900abbd0a634558be4, type: 3}
  m_Bones:
  - {fileID: 431090}
  - {fileID: 468170}
  m_BlendShapeWeights: []
  m_RootBone: {fileID: 431090}
  m_AABB:
    m_Center: {x: -.0958359092, y: .0080352705, z: .0106804874}
    m_Extent: {x: .10641104, y: .0684611723, z: .0618005693}
  m_DirtyAABB: 0
--- !u!137 &13777976
SkinnedMeshRenderer:
  m_ObjectHideFlags: 1
  m_PrefabParentObject: {fileID: 0}
  m_PrefabInternal: {fileID: 100100000}
  m_GameObject: {fileID: 162724}
  m_Enabled: 1
  m_CastShadows: 1
  m_ReceiveShadows: 1
  m_Materials:
  - {fileID: 2100000, guid: 4f810e9d49c724683ba786e982267086, type: 2}
  m_SubsetIndices: 
  m_StaticBatchRoot: {fileID: 0}
  m_UseLightProbes: 0
  m_ReflectionProbeUsage: 1
  m_ProbeAnchor: {fileID: 0}
  m_ScaleInLightmap: 1
  m_PreserveUVs: 0
  m_ImportantGI: 0
  m_AutoUVMaxDistance: .5
  m_AutoUVMaxAngle: 89
  m_LightmapParameters: {fileID: 0}
  m_SortingLayerID: 0
  m_SortingOrder: 0
  serializedVersion: 2
  m_Quality: 0
  m_UpdateWhenOffscreen: 0
  m_Mesh: {fileID: 4300000, guid: 498e369508c45493684fdfec8cf15eec, type: 3}
  m_Bones:
  - {fileID: 431970}
  - {fileID: 483444}
  m_BlendShapeWeights: []
  m_RootBone: {fileID: 431970}
  m_AABB:
    m_Center: {x: -.0803933144, y: .00770900398, z: .0106887929}
    m_Extent: {x: .0911460817, y: .0683038756, z: .0617995076}
  m_DirtyAABB: 0
--- !u!1001 &100100000
Prefab:
  m_ObjectHideFlags: 1
  serializedVersion: 2
  m_Modification:
    m_TransformParent: {fileID: 0}
    m_Modifications: []
    m_RemovedComponents: []
  m_ParentPrefab: {fileID: 0}
  m_RootGameObject: {fileID: 100046}
  m_IsPrefabParent: 1
