%YAML 1.1
%TAG !u! tag:unity3d.com,2011:
--- !u!1 &146454
GameObject:
  m_ObjectHideFlags: 0
  m_PrefabParentObject: {fileID: 0}
  m_PrefabInternal: {fileID: 100100000}
  serializedVersion: 4
  m_Component:
  - 4: {fileID: 449486}
  - 33: {fileID: 3327538}
  - 23: {fileID: 2364756}
  m_Layer: 0
  m_Name: SignTutorialRoll
  m_TagString: Untagged
  m_Icon: {fileID: 0}
  m_NavMeshLayer: 0
  m_StaticEditorFlags: 0
  m_IsActive: 1
--- !u!1 &147340
GameObject:
  m_ObjectHideFlags: 0
  m_PrefabParentObject: {fileID: 0}
  m_PrefabInternal: {fileID: 100100000}
  serializedVersion: 4
  m_Component:
  - 4: {fileID: 417820}
  - 108: {fileID: 10884764}
  m_Layer: 0
  m_Name: Spotlight
  m_TagString: Untagged
  m_Icon: {fileID: 0}
  m_NavMeshLayer: 0
  m_StaticEditorFlags: 0
  m_IsActive: 1
--- !u!1 &163698
GameObject:
  m_ObjectHideFlags: 0
  m_PrefabParentObject: {fileID: 0}
  m_PrefabInternal: {fileID: 100100000}
  serializedVersion: 4
  m_Component:
  - 4: {fileID: 431818}
  - 108: {fileID: 10865498}
  m_Layer: 0
  m_Name: Spotlight 2
  m_TagString: Untagged
  m_Icon: {fileID: 0}
  m_NavMeshLayer: 0
  m_StaticEditorFlags: 0
  m_IsActive: 1
--- !u!1 &198910
GameObject:
  m_ObjectHideFlags: 0
  m_PrefabParentObject: {fileID: 0}
  m_PrefabInternal: {fileID: 100100000}
  serializedVersion: 4
  m_Component:
  - 4: {fileID: 487694}
  - 108: {fileID: 10829474}
  m_Layer: 0
  m_Name: Spotlight 1
  m_TagString: Untagged
  m_Icon: {fileID: 0}
  m_NavMeshLayer: 0
  m_StaticEditorFlags: 0
  m_IsActive: 1
--- !u!4 &417820
Transform:
  m_ObjectHideFlags: 1
  m_PrefabParentObject: {fileID: 0}
  m_PrefabInternal: {fileID: 100100000}
  m_GameObject: {fileID: 147340}
  m_LocalRotation: {x: -.254236281, y: .747933984, z: .126999184, w: .599858224}
  m_LocalPosition: {x: -3.10999918, y: 9.90999985, z: 5.38000393}
  m_LocalScale: {x: 1.06828427, y: 1.06828439, z: .91272521}
  m_Children: []
  m_Father: {fileID: 449486}
  m_RootOrder: 2
--- !u!4 &431818
Transform:
  m_ObjectHideFlags: 1
  m_PrefabParentObject: {fileID: 0}
  m_PrefabInternal: {fileID: 100100000}
  m_GameObject: {fileID: 163698}
  m_LocalRotation: {x: -.0132282991, y: .63366431, z: .420788646, w: .649023592}
  m_LocalPosition: {x: -3.10999775, y: 9.90999985, z: -5.38999939}
  m_LocalScale: {x: 1.06828475, y: 1.06828451, z: .912725329}
  m_Children: []
  m_Father: {fileID: 449486}
  m_RootOrder: 0
--- !u!4 &449486
Transform:
  m_ObjectHideFlags: 1
  m_PrefabParentObject: {fileID: 0}
  m_PrefabInternal: {fileID: 100100000}
  m_GameObject: {fileID: 146454}
  m_LocalRotation: {x: -.00903794728, y: -.635749042, z: .0159123708, w: .771678925}
  m_LocalPosition: {x: 0, y: -1.94000006, z: 6.61999989}
  m_LocalScale: {x: .909999788, y: .910000026, z: .909999847}
  m_Children:
  - {fileID: 431818}
  - {fileID: 487694}
  - {fileID: 417820}
  m_Father: {fileID: 0}
  m_RootOrder: 0
--- !u!4 &487694
Transform:
  m_ObjectHideFlags: 1
  m_PrefabParentObject: {fileID: 0}
  m_PrefabInternal: {fileID: 100100000}
  m_GameObject: {fileID: 198910}
  m_LocalRotation: {x: -.0520152003, y: .706608891, z: .278446585, w: .648433328}
  m_LocalPosition: {x: -3.10999846, y: 9.90999985, z: .0700069442}
  m_LocalScale: {x: 1.06828427, y: 1.06828451, z: .912725091}
  m_Children: []
  m_Father: {fileID: 449486}
  m_RootOrder: 1
--- !u!23 &2364756
MeshRenderer:
  m_ObjectHideFlags: 1
  m_PrefabParentObject: {fileID: 0}
  m_PrefabInternal: {fileID: 100100000}
  m_GameObject: {fileID: 146454}
  m_Enabled: 1
  m_CastShadows: 1
  m_ReceiveShadows: 1
  m_Materials:
  - {fileID: 2100000, guid: 554046d71d00d45498afa85510c34ec2, type: 2}
  m_SubsetIndices: 
  m_StaticBatchRoot: {fileID: 0}
  m_UseLightProbes: 1
  m_ReflectionProbeUsage: 1
  m_ProbeAnchor: {fileID: 0}
  m_ScaleInLightmap: 1
  m_PreserveUVs: 0
  m_ImportantGI: 0
  m_AutoUVMaxDistance: .5
  m_AutoUVMaxAngle: 89
  m_LightmapParameters: {fileID: 0}
  m_SortingLayerID: 0
  m_SortingOrder: 0
--- !u!33 &3327538
MeshFilter:
  m_ObjectHideFlags: 1
  m_PrefabParentObject: {fileID: 0}
  m_PrefabInternal: {fileID: 100100000}
  m_GameObject: {fileID: 146454}
  m_Mesh: {fileID: 4300002, guid: c4c2ab83e5a19447a8e84792750b78a8, type: 3}
--- !u!108 &10829474
Light:
  m_ObjectHideFlags: 1
  m_PrefabParentObject: {fileID: 0}
  m_PrefabInternal: {fileID: 100100000}
  m_GameObject: {fileID: 198910}
  m_Enabled: 1
  serializedVersion: 6
  m_Type: 0
  m_Color: {r: .941176474, g: 1, b: .729411781, a: 1}
  m_Intensity: 2.32999992
  m_Range: 10.1999998
  m_SpotAngle: 104.300003
  m_CookieSize: 10
  m_Shadows:
    m_Type: 1
    m_Resolution: 0
    m_Strength: 1
    m_Bias: .279000014
    m_NormalBias: .400000006
  m_Cookie: {fileID: 0}
  m_DrawHalo: 0
  m_Flare: {fileID: 0}
  m_RenderMode: 1
  m_CullingMask:
    serializedVersion: 2
    m_Bits: 4294967295
  m_Lightmapping: 4
  m_BounceIntensity: 0
  m_ShadowRadius: 0
  m_ShadowAngle: 0
  m_AreaSize: {x: 1, y: 1}
--- !u!108 &10865498
Light:
  m_ObjectHideFlags: 1
  m_PrefabParentObject: {fileID: 0}
  m_PrefabInternal: {fileID: 100100000}
  m_GameObject: {fileID: 163698}
  m_Enabled: 1
  serializedVersion: 6
  m_Type: 0
  m_Color: {r: .939959466, g: 1, b: .727941155, a: 1}
  m_Intensity: 7.23000002
  m_Range: 10.1999998
  m_SpotAngle: 105.400002
  m_CookieSize: 10
  m_Shadows:
    m_Type: 1
    m_Resolution: 0
    m_Strength: 1
    m_Bias: .279000014
    m_NormalBias: .400000006
  m_Cookie: {fileID: 0}
  m_DrawHalo: 0
  m_Flare: {fileID: 0}
  m_RenderMode: 1
  m_CullingMask:
    serializedVersion: 2
    m_Bits: 4294967295
  m_Lightmapping: 4
  m_BounceIntensity: 2.13000011
  m_ShadowRadius: 0
  m_ShadowAngle: 0
  m_AreaSize: {x: 1, y: 1}
--- !u!108 &10884764
Light:
  m_ObjectHideFlags: 1
  m_PrefabParentObject: {fileID: 0}
  m_PrefabInternal: {fileID: 100100000}
  m_GameObject: {fileID: 147340}
  m_Enabled: 1
  serializedVersion: 6
  m_Type: 0
  m_Color: {r: .941176474, g: 1, b: .729411781, a: 1}
  m_Intensity: 2.88000011
  m_Range: 10.3900003
  m_SpotAngle: 126.300003
  m_CookieSize: 10
  m_Shadows:
    m_Type: 1
    m_Resolution: 0
    m_Strength: 1
    m_Bias: .279000014
    m_NormalBias: .400000006
  m_Cookie: {fileID: 0}
  m_DrawHalo: 0
  m_Flare: {fileID: 0}
  m_RenderMode: 1
  m_CullingMask:
    serializedVersion: 2
    m_Bits: 4294967295
  m_Lightmapping: 4
  m_BounceIntensity: 0
  m_ShadowRadius: 0
  m_ShadowAngle: 0
  m_AreaSize: {x: 1, y: 1}
--- !u!1001 &100100000
Prefab:
  m_ObjectHideFlags: 1
  serializedVersion: 2
  m_Modification:
    m_TransformParent: {fileID: 0}
    m_Modifications: []
    m_RemovedComponents: []
  m_ParentPrefab: {fileID: 0}
  m_RootGameObject: {fileID: 146454}
  m_IsPrefabParent: 1
